3100 4875
686 251 726 314 15}

118 450 318 537 αἰχμάλωτον
358 450 471 536 ἀπῆγεν
510 451 614 515 οἴκαδε
653 454 705 513 ναί
743 450 891 536 μεταδοὺς
931 448 1013 513 ἁλῶν
1051 455 1103 514 καί
1121 433 1292 534 τραπέζης

117 559 290 643 ἀπέπεμπεν
326 558 440 621 οἴκαδε.
487 556 524 619 ‘0
549 561 603 642 μὲν
637 552 688 620 οὖν
719 559 757 619 τὰ
786 559 882 641 λότρα
914 560 1044 640 κομίσας
1073 555 1209 640 ἐπηνεῐτο
1241 559 1293 619 καί

119 668 206 752 φίλος
231 664 277 729 ἀεί
302 666 426 727 διετέλει
449 674 501 728 τοῦ
526 667 683 747 λαβόντος,
709 663 744 736 ἐκ
767 664 962 747 δορυαλώτου
991 664 1149 746 δορόξενος
1173 685 1291 746 προσα-

116 778 324 855 γορευόμενος.
404 837 406 840 ,
800 821 804 828 .

228 874 376 955 Quocum
401 876 480 939 facit
495 875 697 959 Ammonius,
723 874 778 959 qui
797 895 829 958 p.
849 874 912 939 119
936 872 1180 958 (ed.Valcken.)
1199 872 1292 936 dicit:

117 985 238 1050 ὁαατδι
262 988 402 1069 πόλεμον
417 993 575 1069 γενόμενος
605 988 704 1071 φίλος.
752 984 842 1056 ἀλεὲς
870 987 928 1067 γὰρ
953 980 1035 1069 (?)1)
1068 984 1169 1055 ξενίων
1192 987 1293 1067 τυχὼν

117 1092 233 1180 ἀφείθη
246 1098 321 1175 πρὸς
340 1101 392 1156 τοῦ
417 1095 562 1177 πολεμίου
578 1095 674 1175 λίτρα
689 1093 838 1173 λαβόντος
855 1091 970 1177 μνάδην
986 1088 1006 1176 ἡ
1023 1094 1188 1176 τεταγμένη
1200 1086 1254 1172 (9).
1268 1091 1293 1167 Ξ1

116 1203 248 1283 νομίσας
272 1199 304 1262 δὲ
327 1204 379 1264 καί
403 1200 542 1286 φυλάξας
566 1204 619 1286 τὴν
643 1204 749 1272 πίστιν,
786 1197 901 1278 ἐγένετο
937 1197 1036 1283 φίλος,
1062 1202 1114 1260 καί
1137 1196 1292 1280 δορίξενος

118 1304 265 1369 ἐκαλεῖτο.

225 1409 343 1473 Pollux
366 1411 488 1479 11160:
528 1416 684 1499 δορίξενος
712 1415 744 1476 δὲ
775 1413 791 1475 ὁ
816 1410 851 1475 ἐν.
881 1423 936 1498 τῆς
967 1415 1046 1477 κατὰ
1077 1416 1127 1475 τὀν
1161 1415 1292 1495 πόλεμον

115 1517 267 1604 ἐπιμιξίας
291 1515 349 1605 τὴν
367 1534 473 1600 γνιῖιοιν
497 1525 708 1605 πεποιημένος.

226 1622 414 1686 Eustathius
428 1646 459 1706 p.
470 1624 572 1691 40533
589 1645 660 1708 sqq.
674 1627 713 1702 3);
739 1615 891 1709 δόρυξενοι
916 1607 947 1689 δὲ
971 1624 998 1690 οἱ
1015 1625 1050 1690 ἐν
1066 1628 1201 1709 πολέμου
1215 1624 1293 1695 ξένοι

116 1738 270 1812 γεγονότες
303 1736 408 1795 τισίν·
434 1729 612 1805 Παυσανίας
636 1737 736 1819 φησίν,
776 1731 820 1823 ὅτι
856 1731 1052 1816 δορόξενοςψό
1081 1730 1116 1795 ἐν.
1140 1734 1293 1814 πολεμίων

117 1840 207 1924 φίλος
231 1842 284 1902 καί
308 1837 324 1901 ὁ
347 1830 517 1921 πρεσβείων
541 1843 608 1922 περί
632 1842 758 1922 λότρυν.

226 1964 257 2025 p.
283 1944 367 2006 485:
400 1946 559 2028 δορόξενος
584 1945 656 2009 δὲὸ
689 1948 825 2031 πολέμου
858 1950 949 2031 χάριν
973 1944 993 2031 ἢ
1018 1944 1053 2008 ἐκ
1082 1947 1218 2028 πολέμου
1243 1965 1293 2030 φι-

117 2055 235 2124 λιυθείς
260 2050 302 2124 ὡς
326 2050 469 2125 Γλαῦκος
491 2045 545 2117 ’καί
569 2051 736 2139 Διομήδης.

226 2155 285 2218 Est
309 2156 408 2238 igitur
432 2161 587 2243 δορόξενος
613 2158 673 2240 vir,
698 2157 753 2242 qui
777 2179 820 2220 ex
851 2156 941 2220 hoste
966 2156 1090 2220 amicus
1106 2155 1212 2219 factus
1237 2166 1294 2221 est.

118 2262 221 2327 Cuius
244 2262 292 2327 rei
316 2262 491 2348 singularis
516 2264 599 2348 ratio
623 2286 663 2328 ea
686 2273 745 2348 est,
770 2286 869 2350 quam
886 2263 1079 2328 Plutarchus
1103 2266 1149 2350 (et
1164 2263 1295 2327 Ammo-

118 2369 204 2457 nius)
229 2370 270 2433 de
293 2369 536 2455 Megarensium
561 2371 704 2457 quinque
728 2393 889 2458 pagorum
913 2370 1027 2436 incolis
1051 2378 1174 2436 narrat.

227 2475 414 2559 Strophium
438 2486 556 2559 autem,
581 2479 636 2562 qui
654 2478 782 2541 duobus
806 2477 869 2540 illis
893 2476 1179 2564 locisAesohyleis
1203 2480 1296 2563 δορό-

118 2586 203 2658 ξενος
227 2583 424 2665 nominatur,
449 2582 524 2645 olim
537 2584 729 2647 Atridarum
746 2584 869 2647 hostem
898 2585 998 2647 fuisse
1023 2606 1185 2668 nusquam
1209 2605 1292 2646 com-

121 2695 331 2770 memoratur,
366 2697 400 2751 ut
424 2697 567 2752 statuere
590 2687 688 2753 liceat
720 2688 838 2775 prioris
864 2688 1036 2774 compositi
1070 2687 1208 2752 membri
1247 2690 1296 2772 (ut

118 2794 312 2878 saepissime
343 2795 541 2880 posterioris,
574 2795 667 2859 cuius
697 2796 746 2859 rei
779 2796 865 2860 infra
897 2795 1049 2880 exempla
1081 2797 1231 2877 afferam)
1261 2795 1295 2858 vi

118 2898 292 2964 debilitata
316 2883 528 2985 compositum
559 2924 780 2989 synonymum
803 2904 871 2965 fere
895 2903 1019 2967 tactum
1043 2925 1113 2966 esse
1137 2901 1293 2986 simplicis

119 3007 319 3071 substantivi
345 3012 447 3086 ξένος;
472 3009 638 3094 quodiam
656 3008 919 3095 Valckenaerius
944 3009 1054 3092 sensit,
1079 3010 1134 3095 qui
1161 3008 1204 3072 ad
1218 3011 1296 3072 Arn-

118 3113 264 3177 monium
287 3137 316 3200 p.
346 3116 409 3179 15⁶2
434 3114 585 3180 adnotat:
613 3096 739 3201 „neque
762 3115 794 3178 in
819 3114 976 3203 Aeschyli
1001 3116 1060 3181 Oh.
1086 3118 1152 3181 560
1175 3126 1207 3179 et
1230 3119 1296 3182 914

23 3302 24 3305 γ
119 3220 273 3304 propriae
298 3221 545 3303 significationis
570 3221 651 3286 adeo
676 3206 830 3305 habenda
860 3231 909 3286 cst
937 3222 1065 3288 ratio.“'
1097 3221 1190 3286 idem
1218 3221 1296 3286 mihi

119 3326 231 3389 dicere
247 3326 380 3391 videtur
395 3327 584 3392 scholiastes
601 3328 644 3393 ad
662 3328 761 3415 Soph.
775 3327 859 3395 ced.
878 3328 947 3395 Col.
964 3353 995 3395 v.
1003 3330 1068 3394 63⁴2
1079 3329 1143 3415 (od.
1153 3329 1294 3417 Elmsl.):

118 3437 294 3520 δορόξενος·
320 3440 421 3525 φίλος
458 3436 702 3523 Ἃπλοϊιιώτερον
718 3441 896 3525 δορυξένους
911 3443 1042 3504 καλοῦσι
1058 3444 1110 3504 καί
1126 3442 1196 3515 τοὺς
1213 3439 1295 3514 ὅπως

119 3541 225 3629 δήποτ’
251 3540 301 3608 ουν
326 3543 572 3620 ἐπιξενωθέντος.

229 3645 436 3741 Quamquam
462 3657 569 3712 autem
598 3649 676 3712 mihi
700 3660 825 3714 certum
859 3659 907 3714 est
949 3651 1090 3735 priorem
1127 3652 1296 3736 compositi

23 3754 24 3841 J
119 3763 248 3837 partem
265 3753 369 3817 dativi
385 3751 456 3818 loco
474 3758 594 3840 esse4l,
618 3764 727 3819 tamen
751 3779 816 3820 non
841 3757 1038 3821 contendere
1067 3757 1172 3822 audeo
1197 3763 1296 3845 δορί-

229 3955 249 4016 2)
269 3952 328 4004 vid.
349 3950 491 4005 Valclron.
513 3953 664 4006 animadv.
684 3953 722 4006 ad
741 3951 878 4007 Ammon.
899 3970 926 4021 p.
948 3952 1078 4005 119-20.

228 4042 249 4105 ²)
270 4040 331 4092 vid.
349 4040 493 4094 Valcken.
513 4041 531 4094 l.
551 4058 577 4094 c.

229 4132 250 4193 ³)
270 4128 330 4181 vid.
350 4145 443 4197 supra
463 4147 484 4184 s.
505 4147 533 4182 v.
553 4130 689 4192 ἀπόξενος.

229 4222 250 4283 ⁴)
282 4222 320 4272 ct'.
345 4221 515 4275 antithesim
543 4222 624 4275 illam
643 4223 874 4276 Plutarcheam:
906 4220 933 4273 ἐν.
959 4220 1124 4293 δοριαλώτου
1155 4224 1216 4287 (ita,
1236 4239 1297 4276 nou
1373 4276 1375 4279 ,

23 4322 25 4381 γ
120 4305 300 4378 δορυαλώτου,
322 4309 485 4377 legendum
505 4318 559 4364 est.
580 4310 640 4363 vid.
660 4312 751 4375 infra)
771 4309 898 4380 δορίξενος
916 4310 1165 4381 προσαγορευόμενος.
