3100 4875
659 243 698 304 ld

18 451 20 526 J
94 437 236 504 herleitet
271 437 337 500 und
372 436 475 500 durch
509 435 660 519 religiose
685 434 789 498 Mittel
820 458 859 498 zu
894 433 1018 498 sulmen
1051 434 1153 499 sueht.
1201 433 1268 497 Die

18 545 20 558 ²
96 552 198 610 ersten
222 546 339 607 Aerzte
363 542 435 606 sind
461 542 513 605 die
531 542 665 608 Weisen
690 541 747 608 des
771 539 1151 625 Volkes‚'die.Priester.
1183 541 1265 604 Des-

95 651 168 716 halb
192 649 276 714 stelit
300 650 353 713 die
369 647 558 713 Heilkunde
583 648 635 713 bei
660 648 745 714 allon
761 647 908 711 Volkern
935 648 992 711 des
1016 670 1141 731 grauen
1158 646 1264 710 Alter-

97 770 185 844 ιοοιε,
218 757 317 821 sowie
341 755 392 819 bei
425 755 541 838 denen,
576 756 629 819 die
661 754 731 819 sieh
762 755 847 820 nooh
877 756 959 840 jelzt
989 756 1032 817 irn
1056 753 1265 818 Urzustande

18 893 19 896 ¹
96 863 295 930 beobaehten
331 861 448 947 lassen‚
484 863 517 925 in
551 862 609 925 der
645 863 809 946 iunigsten
843 861 1062 946 Verb'indung
1098 861 1154 924 mit
1172 847 1174 851 ¹
1191 860 1266 924 dem

18 1045 20 1048 v
94 962 265 1053 religiosor
289 969 438 1034 Kultus.“

138 1079 178 1142 A.
207 1078 302 1142 1623.

309 1187 419 1270 δεσμὸς
443 1186 475 1248 δὲ
498 1191 550 1250 καὶ
574 1191 607 1250 τὸ
631 1198 728 1273 γῆρας
753 1185 839 1249 αἵτε
863 1186 998 1272 νήστιδες

307 1294 375 1355 δίκαι
399 1294 549 1357 διδάσκειν
573 1291 761 1380 ἐξοχώταται
786 1305 900 1380 φρενῶν

307 1398 526 1484 ἰατρομάντεις.

200 1503 385 1568 Membrum
408 1505 569 1587 posterius
592 1505 660 1568 fere
684 1502 808 1567 nullam
836 1502 957 1567 habere
987 1504 1056 1566 vim
1087 1505 1118 1566 in
1147 1526 1271 1589 propa·

25 1615 28 1620 ’
94 1609 159 1674 tulo
184 1619 242 1675 est.

202 1714 303 1780 Aliud
328 1737 456 1802 quoque
488 1716 521 1779 in
547 1718 723 1803 composito
746 1718 952 1806 γἰατρόμαντις
985 1719 1182 1783 monendum
1210 1728 1271 1783 est.

97 1822 261 1906 Legitima
285 1824 370 1886 euim
387 1822 556 1909 compositi
578 1824 819 1889 determinativi
842 1826 1063 1889 membrorum
1087 1826 1203 1908 positio
1228 1849 1268 1889 ea

95 1940 154 2011 est,
177 1939 213 1993 ut
236 1930 269 1992 id
286 1929 477 2013 membrum,
502 1953 564 2015 quo
579 1931 716 1994 alterum
733 1931 978 2022 determinatur,
1003 1931 1145 2015 priorem
1161 1930 1268 1994 locum

98 2037 252 2100 obtineat.
307 2035 369 2099 Cui
392 2034 456 2119 legi
482 2036 589 2100 omnia
614 2035 679 2101 alia
702 2025 801 2101 huius
822 2037 935 2101 elassis
959 2036 1112 2123 exempla
1134 2060 1269 2123 respon·

98 2141 185 2206 dent.
211 2144 392 2223 (ἀστόξενος,
417 2151 452 2205 ut
476 2142 661 2227 exemplum
685 2145 832 2226 afferam,
856 2154 904 2207 est
928 2148 1021 2220 ξένος,
1044 2144 1099 2228 qui
1125 2142 1269 2229 quadam

18 2295 20 2302 .
97 2270 139 2310 ex
163 2237 257 2331 parte
281 2250 373 2325 ἀστός
397 2269 525 2334 quoque
549 2256 623 2334 est.)
669 2248 735 2314 Sed
758 2250 826 2314 iam
849 2249 974 2314 Justius
998 2249 1018 2315 l.
1045 2273 1072 2315 ο.
1100 2273 1131 2334 p.
1157 2251 1198 2316 89
1222 2273 1269 2335 sq.

93 2354 224 2420 doouit:

208 2463 290 2547 „Die
315 2463 431 2527 beiden
450 2463 663 2530 Substantiva
679 2465 812 2530 konnen
836 2467 904 2529 ihre
922 2465 1070 2547 Stellung
1087 2464 1267 2529 weelrseln“

97 2591 204 2652 neque
228 2569 407 2652 prudenter
437 2568 515 2631 inihi
540 2569 706 2633 Gustavus
730 2572 884 2657 llleyerus
910 2573 946 2635 O.
972 2571 1018 2636 St.
1044 2571 1073 2634 V
1098 2594 1130 2655 p.
1157 2574 1174 2635 ἵ
1200 2593 1271 2656 sqq.

96 2675 214 2739 fecisse
239 2675 380 2757 videtur,
414 2697 487 2739 oum
511 2675 653 2740 Justium
682 2676 829 2740 refellere
854 2677 999 2740 studeret
1022 2686 1054 2739 et
1076 2678 1271 2764 ἰατρόμαντις

98 2805 229 2868 quoque
270 2783 396 2847 solitam
431 2783 621 2868 positionem
662 2783 783 2849 habere
819 2784 1044 2864 contenderem
1078 2786 1271 2872 ἰατρόμαντιν

97 2889 183 2952 eniru
218 2912 288 2952 esse
321 2891 464 2954 maxime
488 2899 601 2979 μάντιν,
631 2892 687 2976 qui
710 2891 854 2977 quadam
879 2915 921 2955 ex
946 2900 1040 2977 parte
1063 2893 1167 2978 ἰατρός
1192 2912 1270 2975 quo-

97 3018 163 3082 que
187 3004 280 3061 esset.
306 2994 393 3061 Satis
417 2997 482 3060 iam
505 3020 605 3083 supra
621 2999 803 3062 ostendisse
827 2998 905 3061 milri
929 2998 1054 3081 videor,
1079 2997 1169 3082 prius
1186 3020 1272 3061 eoru·

97 3103 198 3189 positi
222 3103 403 3168 membrum
426 3106 531 3192 ἰατρός
555 3106 623 3169 fere
640 3127 768 3169 omnem
785 3105 906 3169 habero
928 3106 1004 3186 vim,
1022 3127 1095 3168 eum
1113 3104 1277 3189 posterius

97 3209 181 3274 illud
208 3210 376 3295 paululum
402 3212 606 3277 determinet.

318 3321 350 3401 7)
375 3330 697 3410 ματροκασιγνήτη
721 3323 772 3405 (x)
796 3319 835 3386 Ε.
859 3319 936 3389 963,

207 3425 328 3489 Furiae
352 3435 546 3512 precantur:
571 3428 595 3492 ὡ
619 3428 733 3515 Μοῖραι
758 3441 1045 3516 ματροκασιγνῆται.

208 3532 450 3597 Vocabulorum
474 3541 753 3622 πατροκασίγνητος
778 3534 933 3622 ‘patruus’
959 3544 991 3597 et
1010 3542 1275 3623 perpenderetur)

99 3639 222 3728 ‘amita’
249 3639 403 3723 analogia
427 3655 703 3730 ματροκασιγνῆται
726 3641 806 3704 nihil
830 3641 920 3705 aliud
952 3640 1137 3723 significare
1170 3649 1275 3724 potest

96 3747 175 3830 nisi,
201 3749 323 3835 ‘matris
357 3747 505 3833 sorores,
538 3747 669 3810 minime
710 3757 817 3810 autem
851 3762 1038 3837 ικαοιγνκραι
1070 3747 1277 3836 ομομήτριαῦ,

97 3862 136 3916 ut
161 3853 200 3920 Ο.
223 3853 399 3919 Muellerus
423 3854 639 3940 compositum
663 3853 832 3940 explicare
856 3853 969 3920 voluit.

211 3960 293 4024 Cum
317 3961 373 4026 illa
398 3962 538 4045 notione,
569 3962 782 4050 ‘materterae'
823 3961 943 4046 optime
982 3960 1166 4025 reverentia
1201 3981 1275 4022 eon-

98 4068 201 4153 grust,
226 4091 292 4153 qua
314 4068 435 4134 Furiae
459 4070 582 4135 Parcas
607 4069 845 4154 imprecantur3
870 4091 955 4154 quae
979 4066 1079 4133 inulto
1103 4065 1218 4130 melius
1242 4066 1277 4129 in

21 4198 22 4201 ¹
98 4183 296 4239 materteras
320 4198 418 4261 quam
442 4176 475 4239 in
500 4199 626 4241 sorores
651 4176 750 4242 eadit.

20 4297 103 4449 f
209 4282 334 4347 Dicunt
361 4284 462 4352 enirn:
