3100 4875
1623 206 1701 267 12

909 383 976 459 4)
1028 384 1482 458 ἀστόξενος.
1533 382 1599 447 S.
1650 384 1798 447 360.

644 500 649 508 ’
697 487 1069 574 Hesychius
1118 510 1166 553 s,
1218 516 1281 554 v.
1332 492 1647 566 ἀστόξενος
1697 490 1827 573 (ed.
1863 489 2209 569 Schmidt.)
2264 490 2692 574 compositum
2741 489 2868 552 ita.

483 592 805 678 explicat:

698 684 751 749 οἱ
817 692 1002 767 γένει
1068 692 1190 771 μὲν
1256 695 1782 774 προσήκοντες,
1862 689 1975 753 ἐπὶ
2040 690 2114 751 δέ
2188 700 2319 774 γῆς
2394 689 2834 775 ἀλλοδαπῆς

481 796 875 874 γεγονότες.
970 792 1023 858 οἱ
1081 796 1144 857 δὲ
1204 797 1342 869 τοὺς
1403 796 1605 869 ξένους
1676 802 1783 881 μὲν
1860 798 2057 871 ὄντας,
2122 795 2217 860 ἐπὶ
2281 808 2422 881 τιμῇ
2486 798 2550 859 δὲ
2600 796 2830 869 ἀστοὺς

481 906 857 984 γενομένους.

695 986 987 1053 Priorem
1063 986 1380 1075 Hesychii
1455 988 1963 1073 explicationem
2033 998 2294 1072 praeter
2365 988 2525 1053 alias
2597 988 2841 1053 Pollux

481 1089 738 1176 quoque
788 1094 975 1157 affert
1022 1094 1124 1157 ΠΙ
1173 1096 1260 1159 60
1308 1096 1437 1180 (ed.
1487 1095 1841 1181 Bekker.):

696 1203 907 1277 ἀστόξε
913 1228 1010 1278 νος
1059 1207 1122 1267 δὲ
1170 1209 1329 1269 κατὰ
1379 1212 1487 1291 μέν
1535 1230 1699 1279 τινας
1749 1206 1780 1269 6
1831 1203 2013 1280 αὐτὸς
2070 1231 2153 1291 τῳ
2199 1206 2278 1270 ὶδι
2261 1208 2487 1291 οξένῳ,
2555 1210 2714 1271 κατὰ
2763 1203 2839 1268 δέ

479 1333 643 1383 ‘tuom
702 1310 733 1374 6
789 1318 940 1393 γένει
1003 1318 1110 1398 μὲν
1159 1313 1344 1387 ξένος,
1380 1324 1538 1399 τιμῇ
1589 1315 1652 1376 δὲ
1701 1314 1903 1388 ἀστός,
1976 1312 2154 1386 ἐνίοις
2214 1314 2277 1376 δὲ
2325 1315 2490 1378 δοκεῖ
2537 1313 2568 1377 6
2618 1317 2833 1400 φῦσει

480 1421 607 1499 μὲν
656 1417 892 1493 ἀστός,
944 1421 1117 1505 δόξη
1169 1422 1241 1483 δὲ
1290 1422 1502 1496 ξένος,
1554 1419 1647 1494 ὡς
1696 1418 1982 1493 Δαναὸς
2030 1418 2415 1504 Ἀργείοις,
2466 1420 2601 1483 ἀπὸ
2650 1418 2842 1506 Ἰοῦς

479 1534 604 1609 τῆς
652 1523 992 1608 Ἀργείας
1042 1527 1228 1612 ’έχων
1275 1533 1351 1591 τὸ
1400 1533 1625 1609 γένος.
2693 1513 2700 1517 ἡ

691 1628 1219 1713 Explicationem
1252 1633 1465 1694 fusam
1503 1631 1584 1694 de
1617 1640 1921 1715 quattuor
1955 1636 2133 1705 ξένων
2168 1631 2518 1716 generibus
2542 1619 2591 1715 ’1)
2642 1631 2842 1693 affert.

477 1733 857 1799 Eustathius
906 1759 970 1819 p.
1004 1738 1135 1800 405
1167 1768 1219 1805 33
1252 1744 1473 1824 sqq72),
1547 1760 1739 1821 quam
1792 1761 1876 1799 ex
1931 1737 2117 1800 Aelio
2174 1738 2493 1825 Dionysio
2534 1736 2838 1800 haustam

479 1863 619 1904 esse
667 1842 805 1926 ipse
855 1844 1214 1909 confitetur.
1311 1844 1456 1925 Quo
1505 1843 1832 1907 Eustathii
1878 1843 2019 1907 loco
2082 1843 2386 1927 legimus:
2460 1846 2838 1917 ἀστόξενοι,
2882 1880 2884 1882 ·

478 1952 551 2012 δὲ
612 1950 680 2015 οἱ
743 1952 826 2016 ἐκ
896 1962 1295 2037 προγόνων
1366 1960 1504 2038 μέν
1579 1955 1871 2029 ἀστῶν,
1954 1950 2193 2018 αὐτοὶ
2263 1956 2343 2017 δὲ
2416 1955 2629 2035 ξένοι
2699 1955 2838 2016 καὶ

479 2058 966 2134 ἀνανεώσεως
1036 2062 1428 2147 δεόμενοι.
1525 2061 1796 2135 ὁποῖος
1860 2060 2373 2147 “Αγαμέμνων
2446 2061 2522 2124 ἐν
2570 2059 2829 2142 Λυδία.

689 2162 876 2225 Idem
926 2164 1150 2227 dicunt
1182 2188 1230 2231 s,
1267 2189 1330 2229 v,
1360 2167 1645 2241 ἰδιόξενος
1678 2165 1943 2228 Photius
1991 2166 2053 2227 in
2104 2165 2316 2228 lexico
2367 2165 2494 2248 (ed.
2532 2165 2832 2240 Porson.)

477 2278 541 2331 et
590 2268 828 2333 Snidas
875 2270 1005 2354 (ed.
1055 2271 1391 2356 Bekker.).
2104 2252 2107 2256 .

691 2375 1035 2462 Propriam
1089 2377 1594 2463 explicationem
1642 2379 2151 2464 lexicographus
2190 2379 2274 2475 νΒ.
2310 2379 2391 2444 A.
2442 2400 2505 2462 p.
2556 2378 2711 2461 4655
2766 2385 2831 2440 et

478 2484 783 2549 Timaeus
854 2509 918 2570 p.
985 2489 1068 2552 57
1139 2486 1281 2571 (ed.⁷
1331 2486 1702 2574 Ruhnken.)
1774 2488 2089 2552 afferunt:
2172 2489 2202 2554 6
2251 2496 2335 2576 μὴ
2385 2490 2545 2575 ’έχων
2595 2487 2655 2553 ἐν
2704 2497 2830 2559 τοῖς

477 2598 754 2669 πολίταις
805 2595 1000 2662 οὶκίαν
1046 2596 1217 2660 ἰδίαν.

693 2700 1076 2785 Supplicum
1125 2710 1343 2764 autem
1390 2700 1530 2763 loco
1601 2700 1779 2764 illam
1828 2708 2080 2763 tantum
2129 2699 2634 2782 explicationem
2685 2721 2834 2782 pro-

478 2806 770 2869 bandam
821 2829 980 2889 esse,
1033 2829 1228 2892 quam
1278 2829 1478 2891 supra
1526 2806 1755 2870 litteris
1803 2805 1994 2869 latius
2046 2805 2375 2890 dispositis
2426 2805 2704 2888 signavi,
2754 2827 2833 2868 eo

479 2914 963 2999 comprobatur,
1031 2914 1209 3000 quod
1259 2915 1486 3000 Suppl.
1540 2938 1603 2982 v.
1652 2917 1781 2979 626
1828 2915 2086 2998 legitur.
2181 2915 2584 2998 Argivorum
2657 2913 2829 2975 enim

475 3044 596 3085 rex
644 3022 709 3084 in
760 3023 1057 3108 contione
1106 3023 1385 3104 dixerat,
1435 3023 1487 3085 si
1538 3023 1837 3085 advenae
1886 3021 2213 3105 repulsam
2273 3022 2540 3102 ferrent,
2602 3025 2830 3094 ξενικὸν

479 3132 724 3197 ἀστικόν
771 3131 837 3195 θ’
879 3131 1009 3216 ἅμα
1074 3169 1160 3178 --
1234 3134 1482 3196 διπλοῦν
1554 3139 1795 3216 μίασμα
1859 3129 2148 3191 futurum
2196 3149 2355 3209 esse,
2435 3126 2609 3211 quod
2670 3125 2829 3188 nihil

478 3235 655 3299 aliud
703 3237 827 3298 nisi
875 3237 1055 3300 vocis
1105 3239 1421 3311 ἀστόξενος
1489 3235 1923 3320 periphrasim
1995 3257 2135 3297 esse
2204 3244 2380 3297 recte
2452 3231 2827 3296 scholiastes

476 3341 815 3423 intellexit,
867 3344 976 3427 qui
1011 3343 1307 3407 adnotat:
1359 3347 1604 3409 διπλοῦν
1653 3349 1822 3409 καθ-ὸ
1869 3349 1973 3408 καὶ
2022 3325 2225 3416 ξένους
2253 3344 2429 3413 ὄντας
2464 3353 2827 3424 παρορῶμεν

477 3457 580 3516 καὶ
629 3463 926 3534 συγγενεῖς
975 3455 1336 3539 δειχθέντας
1386 3449 1497 3516 οὒκ
1545 3451 1850 3535 ἐλεοῦμεν.

906 3557 971 3640 5)
1022 3559 1517 3641 δορυξένος.
1613 3554 1694 3618 Α.
1747 3553 1895 3618 871.
1948 3552 2271 3618 81].560.

687 3659 1017 3745 Aristoph.
1068 3661 1229 3748 Byz.
1293 3683 1356 3744 p.
1412 3662 1531 3726 191
1587 3660 1715 3742 (ed.
1767 3659 2052 3747 Nauck.)
2079 3662 2161 3746 3):
2234 3661 2531 3742 δορῦξενοι
2595 3660 2679 3734 δέ,
2742 3656 2825 3730 ὡς

478 3770 660 3845 εἰκός,
712 3769 766 3834 οἱ
816 3774 976 3835 κατὰ
1021 3777 1120 3836 τὸν
1170 3774 1434 3856 πόλεμον
1484 3771 1801 3857 ἀλλήλους
1851 3773 2411 3856 φιλοποιησάμενοι.

692 3872 860 3938 Plut.
915 3873 1182 3954 Quaest.
1237 3875 1472 3939 Graec.
1524 3878 1560 3958 ἓ
1614 3875 1802 3956 174);
1870 3884 1957 3949 τίς
2024 3875 2055 3939 6
2105 3875 2451 3958 δορὺξενος;
2526 3872 2557 3937 6
2621 3876 2827 3956 λαβὼν

691 4021 731 4086 ¹)
771 4019 1027 4090 προξένων,
1066 4018 1353 4080 ἀστοξένων,
1393 4018 1673 4089 δορυξένων,
1710 4015 1971 4078 ἰδιοξένων.

690 4112 732 4169 2)
773 4112 849 4163 cf.
888 4127 943 4179 p.
984 4109 1106 4164 485.

692 4201 733 4265 3)
773 4201 992 4267 fragm.
1031 4198 1220 4252 Paris.
1263 4203 1292 4260 ξ
1334 4199 1452 4251 15.-

690 4292 732 4353 4')
775 4294 812 4341 t.
851 4289 978 4342 111.
1019 4306 1074 4356 p.
1115 4288 1218 4341 195
1259 4288 1350 4341 ed.
1392 4287 1813 4356 Wyttenbach.

2988 4599 3039 4875 μέμ
