3100 4875
70 529 73 544 ,
284 464 449 530 Zaclreros
473 437 542 550 ipse
567 463 679 527 omnia
701 462 769 526 fere
791 460 951 525 eiusmodi
977 459 1156 544 composita
1179 457 1222 521 ad
1246 457 1352 521 verba

64 571 72 680 ,l
177 582 326 649 revocat,
363 595 446 637 cum.
470 572 534 654 alii,
562 582 598 635 ut
622 568 854 651 Sohroederus,
890 567 987 630 enixe
1021 587 1155 650 operam
1188 564 1276 648 dent,
1315 575 1351 628 ut

62 693 69 756 t
171 701 276 765 quam
308 678 448 765 plurima
481 700 554 742 cum
590 676 774 741 nominibus
811 675 990 759 composita
1023 695 1094 737 esse
1119 672 1350 736 demonstrent.

59 783 65 878 l
176 786 217 850 Id
242 799 330 851 certe
354 786 500 851 Zachero
543 782 789 849 concedendum
827 791 884 865 est,
920 780 1007 868 quod
1042 781 1349 864 [1111661110-

59 883 63 940 l
171 895 305 959 litetur:
408 883 411 889 ¹

51 981 60 1084 ,t
288 1000 398 1086 „Aber
422 997 524 1063 soviel
554 997 674 1083 glaube
698 996 751 1061 ich
774 995 1023 1077 nachgewiesen
1052 1017 1091 1057 zu
1115 993 1233 1079 haben,
1273 990 1350 1055 dass

45 1091 47 1097 .
80 1170 83 1174 ,
178 1107 245 1177 viel
270 1106 429 1190 haufiger,
455 1107 502 1171 als
526 1129 560 1170 es
585 1103 790 1189 gewtthnlich
813 1100 990 1186 geschieht,
1016 1101 1080 1164 den
1103 1100 1238 1164 zweiten
1265 1096 1351 1162 Glie-

175 1213 260 1277 dern
295 1236 359 1278 von
383 1209 575 1299 Komposita
605 1211 740 1276 verbale
764 1210 961 1293 Bedeotung
999 1207 1067 1271 und
1092 1207 1273 1290 Ableitung
1297 1231 1351 1271 zu-

174 1319 390 1384 zusohreiben
414 1321 495 1385 istst*

285 1425 430 1509 Auxilia,
456 1449 538 1512 quae
572 1424 737 1489 Zacherus
762 1423 805 1486 ad
829 1430 979 1485 naturam
1003 1418 1141 1502 membri
1164 1420 1350 1503 posterioris

177 1532 435 1617 intellegendam
459 1556 492 1615 p.
518 1533 645 1595 32-61
673 1532 778 1611 affert,
803 1529 883 1592 liaeo
908 1537 997 1594 suut:

289 1641 319 1725 1)
343 1647 497 1702 accentus
508 1660 540 1722 p.
554 1639 697 1703 32-45.
719 1638 765 1701 At
788 1638 857 1722 ipse
881 1636 942 1700 hoc
966 1644 1158 1719 argumento
1182 1658 1247 1699 non
1271 1634 1351 1698 mul-

131 1819 134 1822 ,
181 1752 249 1808 tum
272 1745 388 1829 profici
411 1743 569 1823 concedit,
594 1766 666 1808 cum
692 1744 787 1808 dicit:

289 1852 382 1935 ,Wir
407 1850 537 1915 werden
576 1850 657 1938 aber
680 1846 779 1916 so'fort
802 1850 911 1931 seben,
937 1850 1012 1913 dass
1037 1849 1089 1913 die
1113 1849 1350 1913 Accentuatiou

177 1982 240 2022 nur
274 1959 327 2021 fiir
351 1958 458 2040 einige
487 1959 612 2041 wenige
651 1956 838 2039 Bildungen
874 1956 926 2019 ein
950 1955 1055 2019 Mittel
1091 1977 1131 2020 an
1173 1955 1225 2018 die
1251 1954 1350 2019 Hand

176 2061 269 2147 giebt
291 2086 332 2128 zu
357 2063 533 2139 erkennen‚
574 2064 615 2129 ob
640 2062 699 2127 der
722 2063 834 2127 zweite
857 2061 928 2126 Teil
953 2061 1066 2126 verbal
1090 2062 1169 2126 oder
1207 2061 1350 2127 nominal

174 2173 230 2254 ist,
255 2171 323 2236 und
348 2171 432 2236 auch
457 2170 500 2235 da
523 2171 599 2235 kein
625 2171 753 2236 absolut
777 2170 949 2235 sicheres.“

286 2279 319 2360 2)
343 2288 514 2363 poetarum
538 2277 755 2366 etymologiae
779 2300 811 2362 p,
834 2277 977 2342 cto-48.
1093 2315 1105 2328 κ

286 2385 317 2472 3)
342 2386 465 2449 formae
490 2393 661 2469 cognatae,
686 2407 770 2470 quae
793 2394 902 2448 utrum
931 2406 1004 2448 cum
1028 2382 1129 2448 verbo
1155 2405 1196 2447 an
1220 2383 1351 2447 nomine
1415 2464 1422 2472 ¹

174 2491 357 2574 composita
377 2492 452 2574 sint,
477 2491 620 2554 dubitari
632 2491 804 2576 nequit,‘,ut
819 2501 985 2572 νεότυκτος,
1010 2504 1074 2574 quo
1099 2489 1262 2553 adiectivo
1279 2488 1349 2553 illu-

174 2606 299 2662 stratur
323 2596 424 2661 dubia
446 2597 551 2660 forma
573 2601 745 2685 νεὸτεοχής.
770 2618 803 2680 p.
826 2597 969 2661 48-49.

285 2703 319 2791 4)
342 2703 628 2787 grammaticorum
652 2701 935 2786 interpretationes
958 2724 991 2785 p.
1015 2702 1156 2766 49-61.

287 2809 352 2874 Sed
377 2832 418 2873 ne
440 2809 490 2873 his
514 2808 645 2894 quidem
670 2806 802 2872 auxiliis
830 2808 1005 2873 instructus
1029 2806 1164 2871 multum
1188 2808 1350 2891 proficias

176 2916 280 2981 Certa
303 2915 418 2998 regula
441 2916 578 3001 reperiri
601 2916 722 3000 nequit.
770 2912 968 2998 Singillatim
990 2915 1024 2977 in
1047 2935 1246 2999 unaquaque
1270 2936 1351 2978 voce

181 3020 430 3086 deliberandum
455 3032 513 3104 est,
537 3029 645 3084 utrum
669 3020 709 3083 sit
732 3018 949 3085 verisimilius

285 3127 331 3192 Ut
354 3126 455 3210 igitur
479 3126 700 3191 Schroederus
739 3149 779 3190 ea
803 3127 991 3212 composita,
1016 3149 1099 3213 quae
1123 3128 1262 3190 formam
1285 3127 1349 3211 pri-

179 3235 317 3298 mariam
353 3235 531 3320 posteriore
564 3234 634 3298 loco
665 3233 797 3316 habent,
822 3256 902 3298 vera
932 3234 1112 3318 composita
1144 3256 1214 3298 esse
1239 3242 1348 3319 negat,

176 3341 225 3404 ita
249 3363 297 3423 ea,
323 3363 406 3425 quae
442 3341 549 3425 priore
588 3341 726 3404 verbum
758 3341 928 3425 praebent,
968 3350 1174 3427 nequaqnam
1214 3342 1350 3426 propria

175 3446 282 3511 classe
308 3445 542 3532 complectitur,
566 3446 624 3510 sed
642 3446 738 3510 valde
764 3446 901 3531 dubitat,
926 3447 1005 3531 quid
1028 3446 1068 3510 iis
1085 3447 1271 3513 faciendum
1295 3448 1346 3513 sit.

178 3554 285 3616 Affert
308 3575 347 3615 ea
370 3552 454 3615 inter
470 3560 602 3635 mutata,
628 3575 712 3638 quae
736 3552 973 3617 esubstantivo
998 3562 1030 3617 et
1054 3553 1257 3618 substantivo
1275 3577 1349 3618 con-

174 3667 275 3742 stant,
301 3658 490 3722 asteriscum
515 3658 618 3745 addit,
651 3658 794 3747 ,dunkel'
819 3669 851 3723 et
876 3659 1046 3747 ,unsicher’
1070 3682 1110 3724 ea
1135 3668 1242 3726 vocat.
1267 3660 1301 3745 (l.
1319 3684 1346 3727 c.

178 3786 211 3848 p.
237 3765 326 3844 383.)

285 3872 325 3936 Iol
360 3882 469 3937 autem
493 3874 672 3937 maximum
705 3871 857 3938 Guilelmi
891 3872 1093 3938 Clemmii
1116 3874 1267 3938 meritum
1291 3884 1348 3957 est,

178 3978 266 4062 quod
284 3979 521 4066 dissertatione,
546 4003 643 4066 quam
668 3981 855 4046 adveniam
881 3980 1012 4064 legendi
1036 3981 1096 4044 rite
1114 3979 1350 4067 capessendam

177 4084 320 4169 scripsit,
346 4085 398 4173 ,de
423 4086 609 4171 compositis
623 4086 769 4169 Graecis
784 4110 868 4175 quae
885 4109 905 4151 a
922 4086 1032 4152 verbis
1045 4087 1216 4172 incipiunt’
1233 4086 1349 4153 Gissae

179 4189 277 4274 1867,
302 4191 475 4256 multorum
510 4194 760 4279 compositorum
796 4194 977 4258 membrum
1001 4199 1091 4279 prius
1116 4195 1252 4260 verbum
1279 4218 1350 4260 esse

175 4295 423 4365 demonstravit.
472 4298 569 4380 Quod
601 4300 691 4364 initio
724 4300 813 4364 haud
847 4300 955 4365 multis
992 4299 1203 4385 probabatur.
1265 4300 1350 4366 Nam
