3100 4875
670 853 812 940 viil.

257 1078 416 1146 Aemilius
441 1081 608 1166 Gennigos
631 1091 727 1145 natus
759 1104 831 1145 sum
868 1083 901 1144 in
932 1081 1052 1167 oppido
1077 1081 1242 1169 ‘Mulheim
1280 1078 1333 1154 ad

150 1188 219 1256 Rhfl
244 1211 330 1254 anno
355 1189 448 1257 huius
473 1188 594 1254 saeculi
617 1188 723 1272 LXV,
747 1188 867 1253 mensis
892 1189 1098 1280 Septembris
1118 1189 1170 1252 die
1193 1188 1322 1274 XXIV,

123 1339 127 1348 «
149 1303 242 1381 patre
266 1296 392 1360 Mathia
414 1304 518 1360 matre
530 1294 636 1359 Maria
660 1318 677 1358 o
701 1295 799 1378 gente
816 1294 1107 1383 Schinkenmeyor,
1132 1294 1250 1381 quibus
1267 1297 1324 1360 ad·

149 1402 213 1467 huo
237 1391 464 1488 superstitibus
488 1402 629 1489 gaudeo,
677 1402 793 1466 Fidem
818 1403 971 1487 profiteor
995 1403 1199 1468 catholioam.
1240 1403 1322 1467 Oum

149 1531 201 1573 me
225 1533 326 1595 puero
351 1532 468 1575 novem
493 1531 651 1577 annorum
675 1518 827 1595 parentes
852 1509 883 1573 in
908 1509 1022 1582 urbem
1041 1509 1192 1598 ‘Orefeld'
1218 1519 1322 1575 trans·

150 1616 357 1700 migrassent,
396 1616 442 1680 ibi
466 1616 630 1705 gymnasii
659 1615 838 1701 discipulus
865 1618 971 1681 faetus
1006 1640 1087 1702 sum,
1126 1617 1213 1682 unde
1245 1641 1345 1682 vere

150 1724 226 1788 anni
251 1723 417 1788 LXXXV
441 1724 637 1789 maturitatis
662 1724 844 1788 testimonio
869 1724 1046 1789 instructus
1070 1725 1217 1789 Bonnam
1244 1725 1320 1803 adii,

148 1821 205 1896 ubi
228 1853 288 1917 per
312 1841 468 1917 quattuor
499 1854 605 1917 annos
637 1831 752 1895 studiis
777 1829 982 1916 philologieis
1018 1854 1151 1917 operam
1189 1834 1321 1898 navari.

149 1938 278 2003 Sodalis
295 1939 479 2002 ordinarius
498 1939 662 2003 seminarii
687 1949 718 2002 ot
742 1937 929 2023 philologici
954 1948 985 2005 et
1001 1941 1180 2024 germanici
1198 1962 1257 2025 per
1273 1949 1322 2004 tor

149 2068 208 2109 sex
246 2067 373 2109 mensos
406 2046 462 2112 fui.
491 2045 790 2110 Exercitationibus
815 2046 1072 2131 arehaeologiois
1103 2042 1251 2132 benigne*
1270 2069 1321 2111 me

149 2152 281 2217 admisit
308 2151 448 2219 Kekule‚
496 2153 582 2218 Vere
618 2155 694 2217 anni
727 2153 913 2220 LXXXIX
948 2155 1119 2244 gymnasio
1156 2154 1321 2219 Bonnensi

150 2268 352 2345 aggregatus
376 2282 457 2345 sum,
482 2270 518 2325 ut
534 2282 668 2324 munere
681 2261 850 2325 candidati
862 2262 1027 2346 probandi
1039 2263 1204 2345 fungerer.
1231 2261 1321 2326 Eius·

151 2367 224 2430 dem
249 2369 326 2431 anni
350 2367 511 2433 Kalendis
535 2368 643 2433 Juniis
667 2368 802 2433 Bonnae
828 2371 981 2436 examina
997 2369 1131 2456 publica
1156 2373 1321 2455 superavi.
