3100 4875
227 327 462 415 etymologiam
487 327 577 391 vocis
601 331 729 396 δάπεδον
752 327 942 391 Eustathius
966 350 998 413 p.
1024 327 1089 391 436
1101 357 1127 395 ιι
1151 327 1262 390 affert:
1292 332 1405 408 γίνεται

226 438 259 501 δὲ
284 441 369 521 παρὰ
393 443 426 501 τὸ
450 439 498 513 δᾶ,
524 439 540 502 ὃ
564 439 654 524 δηλοῖ
676 437 822 522 Δωρικῶς
846 444 899 525 τὴν
922 449 986 524 γῆν,
1012 442 1064 501 οιαὶ
1086 442 1125 501 τὸ.
1144 438 1242 501 πέδον.

440 542 473 626 3)
497 544 663 617 εἴσοδος
688 540 726 605 Ε.
751 542 805 605 30.

439 649 474 732 4)
498 650 650 737 ἔφοδος
674 647 712 711 Ε.
737 649 811 714 372.
905 681 908 684 ·

438 755 472 839 5)
496 765 733 843 πρόμαντις
759 754 820 820 Ch.
846 755 918 820 754.

442 862 476 945 6)
499 862 706 947 πίρὸξενος
732 860 764 928 S.
789 862 865 926 425.
890 864 990 947 (500.)
1002 866 1026 945 1)
1050 861 1126 927 930.
1150 861 1225 925 931.

332 971 474 1055 πρόξενος
498 979 546 1031 est
569 967 686 1054 hospes
722 977 799 1032 ante
829 991 938 1032 omnes
963 968 1054 1034 alios.
1101 966 1222 1052 Aliqua
1246 964 1333 1028 enim
1357 963 1405 1027 ei-

227 1075 311 1138 vitas
335 1072 369 1136 in
393 1073 458 1138 alia
482 1074 614 1138 civitate
638 1074 744 1137 civem
760 1074 926 1159 quendam
947 1073 1145 1156 destinabat,
1171 1072 1226 1159 qui
1242 1070 1328 1136 illius
1352 1070 1403 1133 rei

230 1179 381 1264 publicae
405 1179 534 1244 civibus
559 1180 592 1242 in
615 1180 717 1265 ipsius
740 1181 823 1244 urbe
847 1180 1055 1245 versantibus
1085 1180 1173 1266 apud
1197 1178 1322 1242 iudices
1345 1199 1404 1261 pa·

228 1287 459 1371 troeinaretur‚
485 1286 633 1351 omnibus
657 1286 690 1350 in
714 1287 854 1371 negotiis
871 1311 927 1353 eos
950 1288 1134 1374 adiuvaret,
1158 1285 1283 1369 legatos
1307 1284 1402 1347 domo

227 1393 409 1478 exciperet,
430 1392 588 1456 similibus
613 1394 801 1457 muneribus
824 1394 1025 1478 fungeretur.

335 1497 482 1578 Quorum
520 1498 670 1563 laborum
692 1511 728 1564 ut
753 1500 934 1584 praemium
966 1499 1111 1585 haberet,
1140 1497 1215 1563 talis
1239 1498 1290 1561 vir
1314 1519 1334 1562 a
1357 1496 1399 1559 ci·

225 1606 335 1689 vitate,
372 1629 456 1691 quae
481 1606 510 1669 ei
545 1629 681 1671 munera
715 1608 771 1672 illa
795 1591 1023 1690 mandaverat,
1054 1606 1162 1671 multis
1186 1615 1218 1670 et
1242 1604 1398 1689 gravibus

226 1712 393 1776 beneficiis
410 1712 604 1795 donabatur,
629 1737 712 1799 quae
730 1724 898 1779 enumerat
921 1716 1002 1779 Mei
1014 1738 1031 1778 e
1044 1737 1060 1778 r
1072 1737 1119 1778 us
1143 1715 1177 1777 in
1201 1711 1320 1794 libello,
1345 1711 1400 1796 qui

225 1819 415 1884 inscribitur
440 1820 687 1907 ‘Commentatio
712 1822 753 1886 de
777 1822 942 1886 Proxenia
972 1822 1041 1886 sive
1076 1821 1116 1885 de
1140 1819 1272 1906 publico
1298 1818 1399 1883 Grae·

229 1949 341 1992 eorum
364 1927 512 2012 hospitio'
538 1927 632 1993 Halis
659 1929 743 1994 1843
767 1953 798 2014 p.
826 1931 866 1994 18
890 1952 962 2015 sqq.

333 2032 415 2097 Sunt
438 2033 538 2098 haec:

445 2146 478 2225 a)
502 2145 651 2228 πρόσοδος
683 2152 758 2229 πρός
789 2170 819 2209 τε
850 2150 904 2232 τὴν
928 2149 1042 2232 βουλὴν
1066 2149 1118 2209 καὶ
1150 2149 1200 2208 τὸν
1224 2144 1321 2229 δῆμον
1346 2140 1397 2204 ἐάν

225 2272 278 2313 του
303 2239 407 2337 δεήσαι
433 2255 540 2334 πρώιῳ
567 2256 641 2334 μετὰ
664 2255 702 2314 τὰ
725 2250 801 2335 ἱερά.

440 2352 475 2436 ἰυ)
499 2358 650 2441 προδικὶα.
702 2354 841 2419 Licebat
879 2355 949 2419 viro
985 2355 1046 2419 hoc
1081 2353 1240 2418 beneficio
1279 2352 1398 2416 donato

224 2459 401 2546 postulare,
432 2469 467 2525 ut
491 2462 574 2525 actio
608 2462 650 2526 ab
674 2463 745 2548 ipso
769 2463 916 2528 instituta
940 2473 1015 2527 ante
1039 2485 1149 2528 omues
1175 2471 1300 2526 ceteras
1325 2480 1399 2525 oau-

227 2589 280 2632 sas
305 2566 549 2633 diiudicaretur.

452 2680 483 2758 c)
508 2684 560 2743 aui
584 2679 725 2752 εἴσπλους
741 2685 794 2745 ναὶ
810 2681 941 2752 ἔκπλους
957 2685 1010 2744 καὶ
1025 2680 1141 2751 εἴσοδος
1165 2683 1217 2742 καὶ
1233 2677 1337 2750 ἔξοδος
1351 2681 1404 2740 καὶ

230 2783 385 2872 εἰσαγωγὴ
409 2790 461 2850 καὶ
477 2785 614 2872 ἐξαγωγὴ
631 2791 684 2851 ναὶ
699 2789 837 2872 πολέμου
852 2791 906 2850 ναὶ
921 2783 1044 2873 εἰρήνης
1060 2785 1164 2855 ἀσυλεὶ
1180 2789 1232 2849 καὶ
1249 2783 1398 2848 ἀσπονδεί.

441 2888 474 2976 d)
499 2892 653 2979 ἀσφάλεια
676 2897 728 2958 καὶ
753 2893 865 2957 ἀσυλία
888 2897 941 2958 καὶ
964 2895 1099 2978 πολέμου
1123 2895 1174 2956 καὶ
1198 2890 1322 2977 εἰρήνης
1346 2894 1400 2954 οιαὶ

225 3002 306 3063 κατὰ
329 3010 384 3085 γῆν
408 3004 460 3065 καὶ
483 3002 652 3065 θάλατταν.

442 3109 472 3185 e)
497 3107 636 3192 ἐ’γνιτησις
661 3104 681 3169 i.
707 3125 734 3169 e.
760 3103 999 3170 commercium.

437 3210 466 3292 f)
492 3211 630 3298 ἐπινορία
654 3212 675 3275 i.
701 3233 728 3278 e.
752 3211 802 3274 ius
826 3211 949 3296 pascui.

442 3322 479 3401 g)
500 3318 661 3383 ἰσοτέλεια.

440 3426 471 3508 h)
497 3426 628 3493 ἀτέλεια.

439 3530 464 3616 i)
487 3532 683 3598 ἰσοπολιτεία.

439 3636 475 3722 k)
499 3643 644 3704 πολιτεία.

330 3743 423 3807 Haec
459 3754 552 3808 erant
574 3743 758 3828 privilegia,
784 3768 922 3831 quorum
946 3744 1010 3808 alia
1034 3743 1075 3807 ab
1101 3741 1172 3805 aliis
1209 3739 1397 3805 civitatibus

224 3872 388 3915 unacum
412 3851 572 3935 proxenia
598 3852 753 3936 proxenis
784 3850 1063 3929 concedebantur3
1102 3846 1318 3934 nequeenim
1341 3847 1400 3912 ulli

224 3956 346 4020 homini
370 3956 478 4020 omnia
502 3958 544 4020 ab
568 3957 634 4022 ulla
658 3958 790 4023 civitate
815 3957 892 4022 data
915 3964 998 4022 sunt.

334 4064 553 4149 inspiciantur
575 4065 656 4129 haec
680 4065 968 4149 grammaticorum
991 4063 1190 4129 testimonia:

334 4228 353 4292 ¹)
372 4225 449 4279 Med.
468 4243 528 4295 προς
547 4225 621 4286 ξένον.
642 4241 716 4280 corr.
736 4225 893 4279 (lanterna
