<?xml version="1.0" encoding="UTF-8"?>
<!DOCTYPE html PUBLIC "-//W3C//DTD XHTML 1.0 Transitional//EN"
    "http://www.w3.org/TR/xhtml1/DTD/xhtml1-transitional.dtd">
<html xmlns="http://www.w3.org/1999/xhtml" xml:lang="en" lang="en">
 <head>
  <title>
</title>
<meta http-equiv="Content-Type" content="text/html;charset=utf-8" />
  <meta name='ocr-system' content='tesseract 3.04.00' />
  <meta name='ocr-capabilities' content='ocr_page ocr_carea ocr_par ocr_line ocrx_word'/>
</head>
<body>
  <div class='ocr_page' id='page_1' title='image "./decompositisaes01genngoog_0029.png"; bbox 0 0 3100 4875; ppageno 0'>
   <div class='ocr_carea' id='block_1_1' title="bbox 389 436 1065 567">
    <p class='ocr_par' dir='ltr' id='par_1_1' title="bbox 389 436 1065 567">
     <span class='ocr_line' id='line_1_1' title="bbox 389 436 1065 567; baseline -0.015 -22"><span class='ocrx_word' id='word_1_1' title='bbox 389 481 446 565; x_wconf 78' lang='lat'>27)</span> <span class='ocrx_word' id='word_1_2' title='bbox 471 436 792 567; x_wconf 81' lang='grc' dir='ltr'>(καρδιόδηκτος</span> <span class='ocrx_word' id='word_1_3' title='bbox 818 477 880 562; x_wconf 84' lang='lat' dir='ltr'>(x))</span> <span class='ocrx_word' id='word_1_4' title='bbox 904 474 943 539; x_wconf 83' lang='lat' dir='ltr'>A.</span> <span class='ocrx_word' id='word_1_5' title='bbox 970 473 1065 537; x_wconf 74' lang='lat'>1472.</span> 
     </span>
    </p>
   </div>
   <div class='ocr_carea' id='block_1_2' title="bbox 176 576 1354 997">
    <p class='ocr_par' dir='ltr' id='par_1_2' title="bbox 176 576 1354 997">
     <span class='ocr_line' id='line_1_2' title="bbox 282 576 1354 678; baseline -0.018 -20"><span class='ocrx_word' id='word_1_6' title='bbox 282 598 394 678; x_wconf 87' lang='grc' dir='ltr'>κράτος</span> <span class='ocrx_word' id='word_1_7' title='bbox 433 591 662 676; x_wconf 86' lang='grc' dir='ltr'>καρδιόδηκτον.</span> <span class='ocrx_word' id='word_1_8' title='bbox 703 583 805 647; x_wconf 90' lang='lat' dir='ltr'>Notio</span> <span class='ocrx_word' id='word_1_9' title='bbox 845 593 893 646; x_wconf 84' lang='lat' dir='ltr'>est</span> <span class='ocrx_word' id='word_1_10' title='bbox 931 581 1050 645; x_wconf 78' lang='lat' dir='ltr'>activa.</span> <span class='ocrx_word' id='word_1_11' title='bbox 1102 578 1196 642; x_wconf 86' lang='lat' dir='ltr'>Libri</span> <span class='ocrx_word' id='word_1_12' title='bbox 1230 576 1354 642; x_wconf 86' lang='lat' dir='ltr'>habent</span> 
     </span>
     <span class='ocr_line' id='line_1_3' title="bbox 176 686 948 787; baseline -0.018 -21"><span class='ocrx_word' id='word_1_13' title='bbox 176 702 290 786; x_wconf 89' lang='grc' dir='ltr'>καρδία</span> <span class='ocrx_word' id='word_1_14' title='bbox 313 701 432 787; x_wconf 85' lang='grc' dir='ltr'>δηκτόν,</span> <span class='ocrx_word' id='word_1_15' title='bbox 457 691 544 780; x_wconf 83' lang='lat' dir='ltr'>qood</span> <span class='ocrx_word' id='word_1_16' title='bbox 568 690 770 758; x_wconf 87' lang='lat' dir='ltr'>Abresohius</span> <span class='ocrx_word' id='word_1_17' title='bbox 795 686 948 753; x_wconf 85' lang='lat' dir='ltr'>correxit.</span> 
     </span>
     <span class='ocr_line' id='line_1_4' title="bbox 388 795 910 889; baseline -0.015 -22"><span class='ocrx_word' id='word_1_18' title='bbox 388 795 910 889; x_wconf 79' lang='grc' dir='ltr'>28)κασίγνητοςΑ.339.</span> 
     </span>
     <span class='ocr_line' id='line_1_5' title="bbox 287 896 1351 997; baseline -0.014 -24"><span class='ocrx_word' id='word_1_19' title='bbox 287 909 396 997; x_wconf 83' lang='lat' dir='ltr'>Etym.</span> <span class='ocrx_word' id='word_1_20' title='bbox 424 907 513 990; x_wconf 85' lang='lat' dir='ltr'>Mag.</span> <span class='ocrx_word' id='word_1_21' title='bbox 547 907 613 971; x_wconf 83' lang='lat'>493</span> <span class='ocrx_word' id='word_1_22' title='bbox 630 934 739 986; x_wconf 57' lang='grc' dir='ltr'>κως,</span> <span class='ocrx_word' id='word_1_23' title='bbox 761 903 861 965; x_wconf 63' lang='lat' dir='ltr'>“euius</span> <span class='ocrx_word' id='word_1_24' title='bbox 902 921 974 965; x_wconf 86' lang='lat' dir='ltr'>oum</span> <span class='ocrx_word' id='word_1_25' title='bbox 1008 896 1206 986; x_wconf 83' lang='lat' dir='ltr'>etymologia</span> <span class='ocrx_word' id='word_1_26' title='bbox 1221 909 1227 916; x_wconf 54' lang='lat'>⁴</span> <span class='ocrx_word' id='word_1_27' title='bbox 1243 913 1351 979; x_wconf 84' lang='lat' dir='ltr'>gram·</span> 
     </span>
    </p>
   </div>
   <div class='ocr_carea' id='block_1_3' title="bbox 282 987 287 1002">
    <p class='ocr_par' dir='ltr' id='par_1_3' title="bbox 282 987 287 1002">
     <span class='ocr_line' id='line_1_6' title="bbox 282 987 287 1002; baseline 0 0"><span class='ocrx_word' id='word_1_28' title='bbox 282 987 287 1002; x_wconf 72' lang='grc' dir='ltr'>λ</span> 
     </span>
    </p>
   </div>
   <div class='ocr_carea' id='block_1_4' title="bbox 168 1001 1355 4509">
    <p class='ocr_par' dir='ltr' id='par_1_4' title="bbox 175 1001 1350 1319">
     <span class='ocr_line' id='line_1_7' title="bbox 177 1001 1350 1094; baseline -0.013 -12"><span class='ocrx_word' id='word_1_29' title='bbox 177 1017 318 1082; x_wconf 83' lang='lat' dir='ltr'>matious</span> <span class='ocrx_word' id='word_1_30' title='bbox 333 1017 367 1078; x_wconf 90' lang='lat' dir='ltr'>in</span> <span class='ocrx_word' id='word_1_31' title='bbox 384 1013 531 1080; x_wconf 82' lang='lat' dir='ltr'>Or&#39;ameri</span> <span class='ocrx_word' id='word_1_32' title='bbox 548 1010 675 1076; x_wconf 90' lang='lat' dir='ltr'>Aneod.</span> <span class='ocrx_word' id='word_1_33' title='bbox 693 1007 801 1075; x_wconf 87' lang='lat' dir='ltr'>Oxon.</span> <span class='ocrx_word' id='word_1_34' title='bbox 819 1009 835 1072; x_wconf 94' lang='lat' dir='ltr'>I</span> <span class='ocrx_word' id='word_1_35' title='bbox 851 1008 952 1094; x_wconf 52' lang='lat'>2389</span> <span class='ocrx_word' id='word_1_36' title='bbox 976 1005 1144 1085; x_wconf 72' lang='lat' dir='ltr'>consentit,</span> <span class='ocrx_word' id='word_1_37' title='bbox 1164 1003 1224 1067; x_wconf 87' lang='lat' dir='ltr'>hoe</span> <span class='ocrx_word' id='word_1_38' title='bbox 1240 1001 1350 1067; x_wconf 88' lang='lat' dir='ltr'>doeet:</span> 
     </span>
     <span class='ocr_line' id='line_1_8' title="bbox 175 1116 1350 1212; baseline -0.011 -21"><span class='ocrx_word' id='word_1_39' title='bbox 175 1133 367 1212; x_wconf 87' lang='grc' dir='ltr'>κασίγνητος·</span> <span class='ocrx_word' id='word_1_40' title='bbox 398 1127 481 1209; x_wconf 85' lang='grc' dir='ltr'>παρὰ</span> <span class='ocrx_word' id='word_1_41' title='bbox 504 1128 537 1187; x_wconf 87' lang='grc' dir='ltr'>τὸ</span> <span class='ocrx_word' id='word_1_42' title='bbox 561 1127 661 1198; x_wconf 86' lang='grc' dir='ltr'>κάσις,</span> <span class='ocrx_word' id='word_1_43' title='bbox 694 1122 710 1184; x_wconf 88' lang='grc' dir='ltr'>δ</span> <span class='ocrx_word' id='word_1_44' title='bbox 734 1124 874 1206; x_wconf 76' lang='grc' dir='ltr'>σημαίνει</span> <span class='ocrx_word' id='word_1_45' title='bbox 897 1119 947 1181; x_wconf 89' lang='grc' dir='ltr'>τὸν</span> <span class='ocrx_word' id='word_1_46' title='bbox 970 1116 1111 1202; x_wconf 70' lang='grc' dir='ltr'>ἀδελφόν,</span> <span class='ocrx_word' id='word_1_47' title='bbox 1135 1119 1243 1179; x_wconf 85' lang='grc' dir='ltr'>καὶτὸ</span> <span class='ocrx_word' id='word_1_48' title='bbox 1266 1120 1350 1198; x_wconf 80' lang='grc' dir='ltr'>γνης,</span> 
     </span>
     <span class='ocr_line' id='line_1_9' title="bbox 179 1223 1117 1319; baseline -0.014 -22"><span class='ocrx_word' id='word_1_49' title='bbox 179 1239 296 1319; x_wconf 83' lang='grc' dir='ltr'>γνητός,</span> <span class='ocrx_word' id='word_1_50' title='bbox 320 1234 336 1296; x_wconf 89' lang='grc' dir='ltr'>δ</span> <span class='ocrx_word' id='word_1_51' title='bbox 360 1235 500 1317; x_wconf 78' lang='grc' dir='ltr'>σημαίνει</span> <span class='ocrx_word' id='word_1_52' title='bbox 523 1233 573 1293; x_wconf 86' lang='grc' dir='ltr'>τὸν</span> <span class='ocrx_word' id='word_1_53' title='bbox 596 1233 725 1313; x_wconf 88' lang='grc' dir='ltr'>γνησιον.</span> <span class='ocrx_word' id='word_1_54' title='bbox 771 1234 858 1290; x_wconf 73' lang='grc' dir='ltr'>τοῦτο</span> <span class='ocrx_word' id='word_1_55' title='bbox 882 1223 918 1288; x_wconf 76' lang='grc' dir='ltr'>ἐκ</span> <span class='ocrx_word' id='word_1_56' title='bbox 941 1232 993 1288; x_wconf 68' lang='grc' dir='ltr'>τοῦ</span> <span class='ocrx_word' id='word_1_57' title='bbox 1017 1234 1117 1304; x_wconf 79' lang='grc' dir='ltr'>γεννῶ.</span> 
     </span>
    </p>

    <p class='ocr_par' dir='ltr' id='par_1_5' title="bbox 176 1322 1355 1527">
     <span class='ocr_line' id='line_1_10' title="bbox 283 1322 1355 1418; baseline -0.013 -19"><span class='ocrx_word' id='word_1_58' title='bbox 283 1336 365 1406; x_wconf 85' lang='lat' dir='ltr'>Item</span> <span class='ocrx_word' id='word_1_59' title='bbox 390 1332 602 1418; x_wconf 78' lang='lat' dir='ltr'>compositum</span> <span class='ocrx_word' id='word_1_60' title='bbox 620 1329 849 1402; x_wconf 17' lang='lat' dir='ltr'>&gt;schroederus</span> <span class='ocrx_word' id='word_1_61' title='bbox 873 1327 893 1392; x_wconf 85' lang='lat'>1.</span> <span class='ocrx_word' id='word_1_62' title='bbox 911 1350 939 1392; x_wconf 87' lang='lat' dir='ltr'>o.</span> <span class='ocrx_word' id='word_1_63' title='bbox 963 1349 995 1412; x_wconf 91' lang='lat' dir='ltr'>p.</span> <span class='ocrx_word' id='word_1_64' title='bbox 1010 1327 1076 1391; x_wconf 74' lang='lat'>550</span> <span class='ocrx_word' id='word_1_65' title='bbox 1099 1334 1131 1388; x_wconf 88' lang='lat' dir='ltr'>et</span> <span class='ocrx_word' id='word_1_66' title='bbox 1148 1322 1355 1388; x_wconf 84' lang='lat' dir='ltr'>Vanieekius-</span> 
     </span>
     <span class='ocr_line' id='line_1_11' title="bbox 176 1438 695 1527; baseline -0.01 -22"><span class='ocrx_word' id='word_1_67' title='bbox 176 1441 215 1506; x_wconf 84' lang='lat' dir='ltr'>E.</span> <span class='ocrx_word' id='word_1_68' title='bbox 239 1463 271 1527; x_wconf 91' lang='lat' dir='ltr'>p.</span> <span class='ocrx_word' id='word_1_69' title='bbox 298 1441 362 1506; x_wconf 82' lang='lat'>189</span> <span class='ocrx_word' id='word_1_70' title='bbox 385 1438 561 1525; x_wconf 81' lang='lat' dir='ltr'>explicant.</span> <span class='ocrx_word' id='word_1_71' title='bbox 691 1504 695 1513; x_wconf 70' lang='grc'>,</span> 
     </span>
    </p>

    <p class='ocr_par' dir='ltr' id='par_1_6' title="bbox 387 1538 961 1633">
     <span class='ocr_line' id='line_1_12' title="bbox 387 1538 961 1633; baseline -0.01 -23"><span class='ocrx_word' id='word_1_72' title='bbox 387 1549 752 1633; x_wconf 78' lang='grc' dir='ltr'>29)κιρκη’λατος</span> <span class='ocrx_word' id='word_1_73' title='bbox 776 1541 825 1629; x_wconf 83' lang='lat' dir='ltr'>(x)</span> <span class='ocrx_word' id='word_1_74' title='bbox 849 1538 882 1606; x_wconf 87' lang='lat' dir='ltr'>S.</span> <span class='ocrx_word' id='word_1_75' title='bbox 906 1540 961 1604; x_wconf 79' lang='lat'>63.</span> 
     </span>
    </p>

    <p class='ocr_par' dir='ltr' id='par_1_7' title="bbox 389 1645 1112 1737">
     <span class='ocr_line' id='line_1_13' title="bbox 389 1645 1112 1737; baseline -0.008 -21"><span class='ocrx_word' id='word_1_76' title='bbox 389 1653 445 1735; x_wconf 84' lang='lat'>30)</span> <span class='ocrx_word' id='word_1_77' title='bbox 469 1653 832 1737; x_wconf 80' lang='grc' dir='ltr'>λουτροδάικτος</span> <span class='ocrx_word' id='word_1_78' title='bbox 857 1653 907 1730; x_wconf 87' lang='lat' dir='ltr'>(x)</span> <span class='ocrx_word' id='word_1_79' title='bbox 931 1645 989 1713; x_wconf 82' lang='lat' dir='ltr'>Oh.</span> <span class='ocrx_word' id='word_1_80' title='bbox 1018 1645 1112 1710; x_wconf 82' lang='lat'>1069.</span> 
     </span>
    </p>

    <p class='ocr_par' dir='ltr' id='par_1_8' title="bbox 282 1757 1002 1845">
     <span class='ocr_line' id='line_1_14' title="bbox 282 1757 1002 1845; baseline 0.001 -23"><span class='ocrx_word' id='word_1_81' title='bbox 282 1757 351 1824; x_wconf 83' lang='lat' dir='ltr'>vid.</span> <span class='ocrx_word' id='word_1_82' title='bbox 375 1780 446 1843; x_wconf 88' lang='lat' dir='ltr'>sup.</span> <span class='ocrx_word' id='word_1_83' title='bbox 471 1761 697 1845; x_wconf 85' lang='grc' dir='ltr'>ἀνδροδάίκτος.</span> <span class='ocrx_word' id='word_1_84' title='bbox 998 1777 1002 1791; x_wconf 78' lang='grc'><strong>“</strong></span> 
     </span>
    </p>

    <p class='ocr_par' dir='ltr' id='par_1_9' title="bbox 175 1858 1354 2273">
     <span class='ocr_line' id='line_1_15' title="bbox 368 1858 1350 1949; baseline -0.006 -19"><span class='ocrx_word' id='word_1_85' title='bbox 368 1868 444 1948; x_wconf 75' lang='grc'>’31)</span> <span class='ocrx_word' id='word_1_86' title='bbox 469 1867 751 1949; x_wconf 79' lang='grc' dir='ltr'>(λυκοδίωκτος</span> <span class='ocrx_word' id='word_1_87' title='bbox 778 1865 842 1948; x_wconf 59' lang='grc' dir='ltr'>(ιη)</span> <span class='ocrx_word' id='word_1_88' title='bbox 867 1863 899 1925; x_wconf 77' lang='lat' dir='ltr'>S.</span> <span class='ocrx_word' id='word_1_89' title='bbox 918 1861 993 1925; x_wconf 76' lang='lat'>353.</span> <span class='ocrx_word' id='word_1_90' title='bbox 1032 1858 1215 1923; x_wconf 86' lang='lat' dir='ltr'>Medioeus:</span> <span class='ocrx_word' id='word_1_91' title='bbox 1240 1862 1350 1924; x_wconf 84' lang='grc' dir='ltr'>λευκό-</span> 
     </span>
     <span class='ocr_line' id='line_1_16' title="bbox 178 1962 1349 2049; baseline -0.012 -10"><span class='ocrx_word' id='word_1_92' title='bbox 178 1977 287 2049; x_wconf 90' lang='grc' dir='ltr'>δικτος.</span> <span class='ocrx_word' id='word_1_93' title='bbox 333 1972 375 2035; x_wconf 79' lang='lat' dir='ltr'>Et</span> <span class='ocrx_word' id='word_1_94' title='bbox 398 1971 506 2035; x_wconf 87' lang='lat' dir='ltr'>sensui</span> <span class='ocrx_word' id='word_1_95' title='bbox 530 1980 562 2034; x_wconf 85' lang='lat' dir='ltr'>et</span> <span class='ocrx_word' id='word_1_96' title='bbox 585 1979 686 2034; x_wconf 86' lang='lat' dir='ltr'>metro</span> <span class='ocrx_word' id='word_1_97' title='bbox 716 1967 925 2034; x_wconf 82' lang='lat' dir='ltr'>Godofredus</span> <span class='ocrx_word' id='word_1_98' title='bbox 949 1966 1157 2030; x_wconf 88' lang='lat' dir='ltr'>Hermannus</span> <span class='ocrx_word' id='word_1_99' title='bbox 1181 1962 1349 2047; x_wconf 84' lang='lat' dir='ltr'>ingeniose</span> 
     </span>
     <span class='ocr_line' id='line_1_17' title="bbox 175 2068 1354 2163; baseline -0.011 -21"><span class='ocrx_word' id='word_1_100' title='bbox 175 2100 271 2163; x_wconf 87' lang='lat' dir='ltr'>opem</span> <span class='ocrx_word' id='word_1_101' title='bbox 294 2076 377 2160; x_wconf 84' lang='lat' dir='ltr'>tulit,</span> <span class='ocrx_word' id='word_1_102' title='bbox 409 2097 482 2141; x_wconf 82' lang='lat' dir='ltr'>oum</span> <span class='ocrx_word' id='word_1_103' title='bbox 506 2074 678 2141; x_wconf 81' lang='lat' dir='ltr'>scriberet:</span> <span class='ocrx_word' id='word_1_104' title='bbox 714 2078 917 2148; x_wconf 76' lang='grc' dir='ltr'>λυκοδίωκτον</span> <span class='ocrx_word' id='word_1_105' title='bbox 941 2074 983 2149; x_wconf 81' lang='grc' dir='ltr'>ὡς</span> <span class='ocrx_word' id='word_1_106' title='bbox 1007 2076 1147 2160; x_wconf 75' lang='grc' dir='ltr'>δάμαλιν.</span> <span class='ocrx_word' id='word_1_107' title='bbox 1181 2070 1223 2136; x_wconf 89' lang='lat' dir='ltr'>of.</span> <span class='ocrx_word' id='word_1_108' title='bbox 1248 2068 1354 2133; x_wconf 86' lang='lat' dir='ltr'>sohol..</span> 
     </span>
     <span class='ocr_line' id='line_1_18' title="bbox 175 2183 1202 2273; baseline -0.006 -24"><span class='ocrx_word' id='word_1_109' title='bbox 175 2184 218 2249; x_wconf 90' lang='lat' dir='ltr'>ad</span> <span class='ocrx_word' id='word_1_110' title='bbox 243 2208 274 2268; x_wconf 88' lang='lat' dir='ltr'>v.</span> <span class='ocrx_word' id='word_1_111' title='bbox 291 2183 382 2249; x_wconf 6' lang='lat'>4357:</span> <span class='ocrx_word' id='word_1_112' title='bbox 397 2199 449 2271; x_wconf 68' lang='grc' dir='ltr'>’τῷ</span> <span class='ocrx_word' id='word_1_113' title='bbox 472 2185 583 2271; x_wconf 84' lang='grc' dir='ltr'>ἑαυτης</span> <span class='ocrx_word' id='word_1_114' title='bbox 607 2189 712 2273; x_wconf 81' lang='grc' dir='ltr'>βοτηρι</span> <span class='ocrx_word' id='word_1_115' title='bbox 735 2194 926 2273; x_wconf 76' lang='grc' dir='ltr'>σημαίνουσα</span> <span class='ocrx_word' id='word_1_116' title='bbox 948 2187 1018 2257; x_wconf 81' lang='grc' dir='ltr'>τοὺς</span> <span class='ocrx_word' id='word_1_117' title='bbox 1042 2185 1202 2267; x_wconf 77' lang='grc' dir='ltr'>διωγμοίις.</span> 
     </span>
    </p>

    <p class='ocr_par' dir='ltr' id='par_1_10' title="bbox 389 2286 1142 2379">
     <span class='ocr_line' id='line_1_19' title="bbox 389 2286 1142 2379; baseline -0.003 -24"><span class='ocrx_word' id='word_1_118' title='bbox 389 2289 443 2378; x_wconf 74' lang='lat'>32]</span> <span class='ocrx_word' id='word_1_119' title='bbox 467 2299 795 2379; x_wconf 84' lang='grc' dir='ltr'>μοιρόκραντος</span> <span class='ocrx_word' id='word_1_120' title='bbox 820 2288 881 2354; x_wconf 85' lang='grc' dir='ltr'>ΟΙι.</span> <span class='ocrx_word' id='word_1_121' title='bbox 905 2289 981 2354; x_wconf 84' lang='grc'>610.</span> <span class='ocrx_word' id='word_1_122' title='bbox 1005 2286 1043 2352; x_wconf 84' lang='grc' dir='ltr'>Ε.</span> <span class='ocrx_word' id='word_1_123' title='bbox 1068 2288 1142 2353; x_wconf 72' lang='lat'>395.</span> 
     </span>
    </p>

    <p class='ocr_par' dir='ltr' id='par_1_11' title="bbox 387 2399 807 2482">
     <span class='ocr_line' id='line_1_20' title="bbox 387 2399 807 2482; baseline -0.002 -18"><span class='ocrx_word' id='word_1_124' title='bbox 387 2399 443 2480; x_wconf 76' lang='lat'>33)</span> <span class='ocrx_word' id='word_1_125' title='bbox 468 2403 807 2482; x_wconf 86' lang='grc' dir='ltr'>νυκτίπλαγκτος.</span> 
     </span>
    </p>

    <p class='ocr_par' dir='ltr' id='par_1_12' title="bbox 173 2499 1352 2802">
     <span class='ocr_line' id='line_1_21' title="bbox 280 2499 1349 2589; baseline -0.007 -19"><span class='ocrx_word' id='word_1_126' title='bbox 280 2505 327 2570; x_wconf 90' lang='lat' dir='ltr'>Ut</span> <span class='ocrx_word' id='word_1_127' title='bbox 349 2509 581 2589; x_wconf 76' lang='grc' dir='ltr'>πολὺπλαγκτσς</span> <span class='ocrx_word' id='word_1_128' title='bbox 613 2503 655 2575; x_wconf 90' lang='lat' dir='ltr'>ab</span> <span class='ocrx_word' id='word_1_129' title='bbox 679 2504 821 2568; x_wconf 83' lang='lat' dir='ltr'>Homero</span> <span class='ocrx_word' id='word_1_130' title='bbox 853 2514 883 2568; x_wconf 87' lang='lat' dir='ltr'>et</span> <span class='ocrx_word' id='word_1_131' title='bbox 907 2502 1112 2566; x_wconf 83' lang='lat' dir='ltr'>intransitive</span> <span class='ocrx_word' id='word_1_132' title='bbox 1144 2500 1221 2584; x_wconf 86' lang='lat' dir='ltr'>(Od.</span> <span class='ocrx_word' id='word_1_133' title='bbox 1246 2499 1349 2564; x_wconf 89' lang='lat' dir='ltr'>XVII</span> 
     </span>
     <span class='ocr_line' id='line_1_22' title="bbox 174 2605 1352 2696; baseline -0.008 -19"><span class='ocrx_word' id='word_1_134' title='bbox 174 2612 250 2677; x_wconf 79' lang='lat'>425.</span> <span class='ocrx_word' id='word_1_135' title='bbox 267 2613 357 2694; x_wconf 79' lang='lat'>511.)</span> <span class='ocrx_word' id='word_1_136' title='bbox 375 2620 406 2675; x_wconf 87' lang='lat' dir='ltr'>et</span> <span class='ocrx_word' id='word_1_137' title='bbox 422 2611 592 2677; x_wconf 81' lang='lat' dir='ltr'>transitive</span> <span class='ocrx_word' id='word_1_138' title='bbox 608 2611 658 2696; x_wconf 83' lang='lat' dir='ltr'>(Il.</span> <span class='ocrx_word' id='word_1_139' title='bbox 676 2611 729 2674; x_wconf 85' lang='lat' dir='ltr'>XI·</span> <span class='ocrx_word' id='word_1_140' title='bbox 744 2612 833 2692; x_wconf 71' lang='lat'>308.)</span> <span class='ocrx_word' id='word_1_141' title='bbox 858 2609 1041 2693; x_wconf 72' lang='lat' dir='ltr'>adhibetur,</span> <span class='ocrx_word' id='word_1_142' title='bbox 1065 2608 1111 2672; x_wconf 86' lang='lat' dir='ltr'>ita</span> <span class='ocrx_word' id='word_1_143' title='bbox 1128 2606 1169 2672; x_wconf 87' lang='lat' dir='ltr'>ab</span> <span class='ocrx_word' id='word_1_144' title='bbox 1182 2605 1352 2695; x_wconf 77' lang='lat' dir='ltr'>Aeschylo·</span> 
     </span>
     <span class='ocr_line' id='line_1_23' title="bbox 173 2714 687 2802; baseline -0.002 -18"><span class='ocrx_word' id='word_1_145' title='bbox 173 2723 420 2802; x_wconf 89' lang='grc' dir='ltr'>νυκτίπλαγκτος.</span> <span class='ocrx_word' id='word_1_146' title='bbox 684 2714 687 2717; x_wconf 57' lang='grc'>’</span> 
     </span>
    </p>

    <p class='ocr_par' dir='ltr' id='par_1_13' title="bbox 173 2820 1349 3315">
     <span class='ocr_line' id='line_1_24' title="bbox 280 2820 1346 2912; baseline -0.005 -23"><span class='ocrx_word' id='word_1_147' title='bbox 280 2823 377 2889; x_wconf 81' lang='lat' dir='ltr'>Certe</span> <span class='ocrx_word' id='word_1_148' title='bbox 405 2823 611 2910; x_wconf 82' lang='lat' dir='ltr'>intransitive</span> <span class='ocrx_word' id='word_1_149' title='bbox 642 2823 761 2887; x_wconf 84' lang='lat' dir='ltr'>dieitur</span> <span class='ocrx_word' id='word_1_150' title='bbox 784 2826 825 2886; x_wconf 92' lang='lat' dir='ltr'>A.</span> <span class='ocrx_word' id='word_1_151' title='bbox 853 2824 892 2885; x_wconf 81' lang='lat'>12</span> <span class='ocrx_word' id='word_1_152' title='bbox 916 2821 986 2912; x_wconf 68' lang='grc' dir='ltr'>εὐνὴ</span> <span class='ocrx_word' id='word_1_153' title='bbox 1011 2826 1248 2905; x_wconf 69' lang='grc' dir='ltr'>νυκτίπλαγκτος</span> <span class='ocrx_word' id='word_1_154' title='bbox 1271 2820 1292 2885; x_wconf 89' lang='lat' dir='ltr'>i.</span> <span class='ocrx_word' id='word_1_155' title='bbox 1318 2842 1346 2885; x_wconf 91' lang='lat' dir='ltr'>e.</span> 
     </span>
     <span class='ocr_line' id='line_1_25' title="bbox 173 2926 1347 3015; baseline -0.004 -21"><span class='ocrx_word' id='word_1_156' title='bbox 173 2939 282 2994; x_wconf 85' lang='lat' dir='ltr'>eustos</span> <span class='ocrx_word' id='word_1_157' title='bbox 305 2931 339 2994; x_wconf 89' lang='lat' dir='ltr'>in</span> <span class='ocrx_word' id='word_1_158' title='bbox 362 2930 476 3015; x_wconf 87' lang='lat' dir='ltr'>palatii</span> <span class='ocrx_word' id='word_1_159' title='bbox 499 2939 584 2994; x_wconf 89' lang='lat' dir='ltr'>teoto</span> <span class='ocrx_word' id='word_1_160' title='bbox 609 2930 871 3013; x_wconf 80' lang='lat' dir='ltr'>circumvagans‘</span> <span class='ocrx_word' id='word_1_161' title='bbox 885 2927 981 2992; x_wconf 90' lang='lat' dir='ltr'>modo</span> <span class='ocrx_word' id='word_1_162' title='bbox 1005 2929 1058 2992; x_wconf 91' lang='lat' dir='ltr'>hio</span> <span class='ocrx_word' id='word_1_163' title='bbox 1081 2928 1177 2992; x_wconf 87' lang='lat' dir='ltr'>modo</span> <span class='ocrx_word' id='word_1_164' title='bbox 1202 2926 1268 2991; x_wconf 89' lang='lat' dir='ltr'>illio</span> <span class='ocrx_word' id='word_1_165' title='bbox 1292 2927 1347 2990; x_wconf 90' lang='lat' dir='ltr'>de-</span> 
     </span>
     <span class='ocr_line' id='line_1_26' title="bbox 176 3034 1349 3121; baseline -0.003 -22"><span class='ocrx_word' id='word_1_166' title='bbox 176 3035 316 3119; x_wconf 78' lang='lat' dir='ltr'>cumbit3</span> <span class='ocrx_word' id='word_1_167' title='bbox 350 3036 501 3101; x_wconf 88' lang='lat' dir='ltr'>nimirum</span> <span class='ocrx_word' id='word_1_168' title='bbox 531 3059 627 3101; x_wconf 86' lang='lat' dir='ltr'>verus</span> <span class='ocrx_word' id='word_1_169' title='bbox 661 3035 763 3101; x_wconf 82' lang='lat' dir='ltr'>ieotns</span> <span class='ocrx_word' id='word_1_170' title='bbox 787 3037 858 3100; x_wconf 88' lang='lat' dir='ltr'>viro</span> <span class='ocrx_word' id='word_1_171' title='bbox 883 3036 977 3100; x_wconf 87' lang='lat' dir='ltr'>datus</span> <span class='ocrx_word' id='word_1_172' title='bbox 1003 3058 1067 3098; x_wconf 90' lang='lat' dir='ltr'>non</span> <span class='ocrx_word' id='word_1_173' title='bbox 1099 3045 1156 3118; x_wconf 84' lang='lat' dir='ltr'>est,</span> <span class='ocrx_word' id='word_1_174' title='bbox 1192 3034 1349 3121; x_wconf 86' lang='lat' dir='ltr'>quoniam</span> 
     </span>
     <span class='ocr_line' id='line_1_27' title="bbox 175 3141 1346 3228; baseline -0.003 -22"><span class='ocrx_word' id='word_1_175' title='bbox 175 3165 303 3228; x_wconf 87' lang='lat' dir='ltr'>semper</span> <span class='ocrx_word' id='word_1_176' title='bbox 327 3142 465 3226; x_wconf 86' lang='lat' dir='ltr'>vigilare</span> <span class='ocrx_word' id='word_1_177' title='bbox 490 3143 603 3215; x_wconf 85' lang='lat' dir='ltr'>debet.</span> <span class='ocrx_word' id='word_1_178' title='bbox 644 3144 780 3208; x_wconf 88' lang='lat' dir='ltr'>Praeter</span> <span class='ocrx_word' id='word_1_179' title='bbox 804 3142 889 3207; x_wconf 85' lang='lat' dir='ltr'>huno</span> <span class='ocrx_word' id='word_1_180' title='bbox 924 3141 1030 3206; x_wconf 82' lang='lat' dir='ltr'>locum</span> <span class='ocrx_word' id='word_1_181' title='bbox 1062 3141 1275 3226; x_wconf 90' lang='lat' dir='ltr'>oompositum</span> <span class='ocrx_word' id='word_1_182' title='bbox 1298 3142 1346 3203; x_wconf 92' lang='lat' dir='ltr'>in-</span> 
     </span>
     <span class='ocr_line' id='line_1_28' title="bbox 173 3249 930 3315; baseline 0.005 -4"><span class='ocrx_word' id='word_1_183' title='bbox 173 3249 343 3313; x_wconf 80' lang='lat' dir='ltr'>transitive</span> <span class='ocrx_word' id='word_1_184' title='bbox 368 3249 427 3314; x_wconf 77' lang='lat' dir='ltr'>Oh.</span> <span class='ocrx_word' id='word_1_185' title='bbox 452 3252 517 3313; x_wconf 74' lang='lat'>522</span> <span class='ocrx_word' id='word_1_186' title='bbox 542 3250 664 3314; x_wconf 84' lang='lat' dir='ltr'>dietum</span> <span class='ocrx_word' id='word_1_187' title='bbox 687 3272 758 3314; x_wconf 88' lang='lat' dir='ltr'>esse</span> <span class='ocrx_word' id='word_1_188' title='bbox 783 3250 930 3315; x_wconf 87' lang='lat' dir='ltr'>videtur:</span> 
     </span>
    </p>

    <p class='ocr_par' dir='ltr' id='par_1_14' title="bbox 409 3354 677 3443">
     <span class='ocr_line' id='line_1_29' title="bbox 409 3354 677 3443; baseline 0.015 -22"><span class='ocrx_word' id='word_1_189' title='bbox 409 3357 444 3423; x_wconf 78' lang='grc' dir='ltr'>ἐκ</span> <span class='ocrx_word' id='word_1_190' title='bbox 466 3354 492 3421; x_wconf 75' lang='grc' dir='ltr'>τ’</span> <span class='ocrx_word' id='word_1_191' title='bbox 518 3357 677 3443; x_wconf 81' lang='grc' dir='ltr'>ὀνειράτων</span> 
     </span>
    </p>

    <p class='ocr_par' dir='ltr' id='par_1_15' title="bbox 284 3468 1107 3551">
     <span class='ocr_line' id='line_1_30' title="bbox 284 3468 1107 3551; baseline -0.004 -20"><span class='ocrx_word' id='word_1_192' title='bbox 284 3480 289 3489; x_wconf 89' lang='grc'><strong>’</strong></span> <span class='ocrx_word' id='word_1_193' title='bbox 407 3470 460 3530; x_wconf 85' lang='grc' dir='ltr'>καί</span> <span class='ocrx_word' id='word_1_194' title='bbox 482 3468 725 3548; x_wconf 85' lang='grc' dir='ltr'>νυκτιπλάγκτων</span> <span class='ocrx_word' id='word_1_195' title='bbox 750 3469 897 3551; x_wconf 84' lang='grc' dir='ltr'>δειμάτων</span> <span class='ocrx_word' id='word_1_196' title='bbox 920 3468 1107 3551; x_wconf 70' lang='grc' dir='ltr'>πεπαλμένη.</span> 
     </span>
    </p>

    <p class='ocr_par' dir='ltr' id='par_1_16' title="bbox 282 3567 1119 3654">
     <span class='ocr_line' id='line_1_31' title="bbox 282 3567 1119 3654; baseline 0.005 -23"><span class='ocrx_word' id='word_1_197' title='bbox 282 3567 437 3633; x_wconf 85' lang='lat' dir='ltr'>Dubitari</span> <span class='ocrx_word' id='word_1_198' title='bbox 462 3579 567 3654; x_wconf 85' lang='lat' dir='ltr'>potest</span> <span class='ocrx_word' id='word_1_199' title='bbox 590 3573 630 3635; x_wconf 84' lang='lat' dir='ltr'>A.</span> <span class='ocrx_word' id='word_1_200' title='bbox 656 3572 736 3635; x_wconf 78' lang='lat'>342:</span> <span class='ocrx_word' id='word_1_201' title='bbox 761 3581 851 3647; x_wconf 90' lang='grc' dir='ltr'>πόνος</span> <span class='ocrx_word' id='word_1_202' title='bbox 875 3575 1119 3653; x_wconf 77' lang='grc' dir='ltr'>νυκτίπλαγκτος.</span> 
     </span>
    </p>

    <p class='ocr_par' dir='ltr' id='par_1_17' title="bbox 169 3673 1347 3869">
     <span class='ocr_line' id='line_1_32' title="bbox 278 3673 1347 3763; baseline 0.005 -27"><span class='ocrx_word' id='word_1_203' title='bbox 278 3673 463 3741; x_wconf 85' lang='lat' dir='ltr'>Transitive</span> <span class='ocrx_word' id='word_1_204' title='bbox 487 3674 670 3763; x_wconf 80' lang='lat' dir='ltr'>Aeschylus</span> <span class='ocrx_word' id='word_1_205' title='bbox 700 3676 877 3760; x_wconf 83' lang='lat' dir='ltr'>composito</span> <span class='ocrx_word' id='word_1_206' title='bbox 903 3675 961 3740; x_wconf 85' lang='lat' dir='ltr'>Ch.</span> <span class='ocrx_word' id='word_1_207' title='bbox 989 3676 1051 3741; x_wconf 72' lang='lat'>747</span> <span class='ocrx_word' id='word_1_208' title='bbox 1083 3674 1197 3739; x_wconf 86' lang='lat' dir='ltr'>utitur:</span> <span class='ocrx_word' id='word_1_209' title='bbox 1237 3679 1347 3741; x_wconf 78' lang='grc' dir='ltr'>κελευ-</span> 
     </span>
     <span class='ocr_line' id='line_1_33' title="bbox 169 3789 579 3869; baseline 0.01 -22"><span class='ocrx_word' id='word_1_210' title='bbox 169 3808 253 3869; x_wconf 87' lang='grc' dir='ltr'>ματα</span> <span class='ocrx_word' id='word_1_211' title='bbox 277 3789 510 3867; x_wconf 86' lang='grc' dir='ltr'>νυκτίπλαγκτα.</span> <span class='ocrx_word' id='word_1_212' title='bbox 575 3843 579 3851; x_wconf 88' lang='grc'><em>.</em></span> 
     </span>
    </p>

    <p class='ocr_par' dir='ltr' id='par_1_18' title="bbox 168 3887 1346 4293">
     <span class='ocr_line' id='line_1_34' title="bbox 276 3887 1344 3971; baseline 0 -20"><span class='ocrx_word' id='word_1_213' title='bbox 276 3887 397 3951; x_wconf 89' lang='lat' dir='ltr'>Nutrix</span> <span class='ocrx_word' id='word_1_214' title='bbox 427 3890 516 3971; x_wconf 78' lang='lat' dir='ltr'>enim</span> <span class='ocrx_word' id='word_1_215' title='bbox 541 3887 665 3954; x_wconf 88' lang='lat' dir='ltr'>Orestis</span> <span class='ocrx_word' id='word_1_216' title='bbox 688 3889 818 3954; x_wconf 86' lang='lat' dir='ltr'>labores</span> <span class='ocrx_word' id='word_1_217' title='bbox 853 3912 927 3953; x_wconf 87' lang='lat' dir='ltr'>suos</span> <span class='ocrx_word' id='word_1_218' title='bbox 963 3911 1002 3953; x_wconf 86' lang='lat' dir='ltr'>ao</span> <span class='ocrx_word' id='word_1_219' title='bbox 1037 3889 1153 3953; x_wconf 86' lang='lat' dir='ltr'>merita</span> <span class='ocrx_word' id='word_1_220' title='bbox 1189 3889 1229 3952; x_wconf 90' lang='lat' dir='ltr'>de</span> <span class='ocrx_word' id='word_1_221' title='bbox 1253 3889 1344 3971; x_wconf 84' lang='lat' dir='ltr'>Aga·</span> 
     </span>
     <span class='ocr_line' id='line_1_35' title="bbox 168 3993 1346 4079; baseline 0 -20"><span class='ocrx_word' id='word_1_222' title='bbox 168 3993 349 4059; x_wconf 88' lang='lat' dir='ltr'>memnonis</span> <span class='ocrx_word' id='word_1_223' title='bbox 373 3994 437 4058; x_wconf 91' lang='lat' dir='ltr'>filio</span> <span class='ocrx_word' id='word_1_224' title='bbox 463 3993 649 4059; x_wconf 80' lang='lat' dir='ltr'>describere</span> <span class='ocrx_word' id='word_1_225' title='bbox 674 3996 751 4079; x_wconf 81' lang='lat' dir='ltr'>vult,</span> <span class='ocrx_word' id='word_1_226' title='bbox 784 4018 856 4060; x_wconf 86' lang='lat' dir='ltr'>ourn</span> <span class='ocrx_word' id='word_1_227' title='bbox 881 4006 995 4060; x_wconf 84' lang='lat' dir='ltr'>narrat</span> <span class='ocrx_word' id='word_1_228' title='bbox 1019 4018 1054 4059; x_wconf 90' lang='lat' dir='ltr'>se</span> <span class='ocrx_word' id='word_1_229' title='bbox 1075 3995 1208 4059; x_wconf 88' lang='lat' dir='ltr'>infantis</span> <span class='ocrx_word' id='word_1_230' title='bbox 1233 4017 1346 4059; x_wconf 88' lang='lat' dir='ltr'>amore</span> 
     </span>
     <span class='ocr_line' id='line_1_36' title="bbox 169 4102 1345 4187; baseline -0.001 -22"><span class='ocrx_word' id='word_1_231' title='bbox 169 4111 319 4166; x_wconf 88' lang='lat' dir='ltr'>ooaotam</span> <span class='ocrx_word' id='word_1_232' title='bbox 358 4122 428 4165; x_wconf 85' lang='lat' dir='ltr'>esse</span> <span class='ocrx_word' id='word_1_233' title='bbox 463 4107 505 4165; x_wconf 87' lang='lat' dir='ltr'>ad</span> <span class='ocrx_word' id='word_1_234' title='bbox 542 4125 678 4187; x_wconf 85' lang='lat' dir='ltr'>puerum</span> <span class='ocrx_word' id='word_1_235' title='bbox 710 4104 890 4168; x_wconf 86' lang='lat' dir='ltr'>sedandum</span> <span class='ocrx_word' id='word_1_236' title='bbox 931 4114 1029 4168; x_wconf 86' lang='lat' dir='ltr'>nootn</span> <span class='ocrx_word' id='word_1_237' title='bbox 1069 4103 1198 4165; x_wconf 88' lang='lat' dir='ltr'>deserta</span> <span class='ocrx_word' id='word_1_238' title='bbox 1227 4102 1345 4187; x_wconf 82' lang='lat' dir='ltr'>palatii</span> 
     </span>
     <span class='ocr_line' id='line_1_37' title="bbox 169 4207 553 4293; baseline 0.005 -21"><span class='ocrx_word' id='word_1_239' title='bbox 169 4207 342 4274; x_wconf 85' lang='lat' dir='ltr'>oonolavia</span> <span class='ocrx_word' id='word_1_240' title='bbox 366 4210 553 4293; x_wconf 86' lang='lat' dir='ltr'>pervagari.</span> 
     </span>
    </p>

    <p class='ocr_par' dir='ltr' id='par_1_19' title="bbox 172 4314 1345 4509">
     <span class='ocr_line' id='line_1_38' title="bbox 275 4314 1339 4403; baseline 0.007 -26"><span class='ocrx_word' id='word_1_241' title='bbox 275 4314 327 4378; x_wconf 89' lang='lat' dir='ltr'>De</span> <span class='ocrx_word' id='word_1_242' title='bbox 351 4315 468 4399; x_wconf 87' lang='lat' dir='ltr'>prioris</span> <span class='ocrx_word' id='word_1_243' title='bbox 493 4317 630 4380; x_wconf 85' lang='lat' dir='ltr'>membri</span> <span class='ocrx_word' id='word_1_244' title='bbox 654 4317 758 4381; x_wconf 87' lang='lat' dir='ltr'>forma</span> <span class='ocrx_word' id='word_1_245' title='bbox 775 4317 951 4381; x_wconf 89' lang='lat' dir='ltr'>Neokelius</span> <span class='ocrx_word' id='word_1_246' title='bbox 975 4317 995 4381; x_wconf 91' lang='lat' dir='ltr'>l.</span> <span class='ocrx_word' id='word_1_247' title='bbox 1013 4340 1040 4383; x_wconf 90' lang='lat' dir='ltr'>e.</span> <span class='ocrx_word' id='word_1_248' title='bbox 1066 4340 1097 4403; x_wconf 91' lang='lat' dir='ltr'>p.</span> <span class='ocrx_word' id='word_1_249' title='bbox 1122 4320 1166 4382; x_wconf 82' lang='lat'>44</span> <span class='ocrx_word' id='word_1_250' title='bbox 1191 4317 1339 4384; x_wconf 87' lang='lat' dir='ltr'>disserit:</span> 
     </span>
     <span class='ocr_line' id='line_1_39' title="bbox 172 4418 1345 4509; baseline 0.003 -24"><span class='ocrx_word' id='word_1_251' title='bbox 172 4418 337 4505; x_wconf 80' lang='lat' dir='ltr'>„Nominis</span> <span class='ocrx_word' id='word_1_252' title='bbox 361 4424 412 4496; x_wconf 76' lang='grc' dir='ltr'>νὺξ</span> <span class='ocrx_word' id='word_1_253' title='bbox 436 4422 569 4507; x_wconf 87' lang='lat' dir='ltr'>stirpem</span> <span class='ocrx_word' id='word_1_254' title='bbox 599 4423 778 4509; x_wconf 84' lang='lat' dir='ltr'>antiquitus</span> <span class='ocrx_word' id='word_1_255' title='bbox 803 4450 883 4492; x_wconf 89' lang='grc' dir='ltr'>νυκτι</span> <span class='ocrx_word' id='word_1_256' title='bbox 908 4424 1054 4488; x_wconf 88' lang='lat' dir='ltr'>sonuisse</span> <span class='ocrx_word' id='word_1_257' title='bbox 1082 4435 1149 4488; x_wconf 86' lang='lat' dir='ltr'>tarn</span> <span class='ocrx_word' id='word_1_258' title='bbox 1174 4434 1261 4488; x_wconf 85' lang='lat' dir='ltr'>eerte</span> <span class='ocrx_word' id='word_1_259' title='bbox 1287 4426 1345 4487; x_wconf 83' lang='lat' dir='ltr'>de·</span> 
     </span>
    </p>
   </div>
   <div class='ocr_carea' id='block_1_5' title="bbox 0 0 1554 4875">
    <p class='ocr_par' dir='ltr' id='par_1_20' title="bbox 0 0 1554 4875">
     <span class='ocr_line' id='line_1_40' title="bbox 0 0 1554 4875; baseline 0 1"><span class='ocrx_word' id='word_1_260' title='bbox 0 0 1554 4875; x_wconf 95' lang='lat' dir='ltr'> </span> 
     </span>
    </p>
   </div>
  </div>
 </body>
</html>
