3100 4875
837 255 877 318 lli

480 454 621 538 δαίμονες
645 451 811 538 ὀρθονόμοι

478 565 565 625 παντὶ
588 562 672 645 δόμῳ
697 566 878 645 μετάκοινοι,
903 619 907 626 ,

478 672 564 731 παντὶ
588 676 690 752 χρόνῳ
714 665 740 730 δ’
765 665 933 752 ἐπιβριθεῖς

477 773 604 848 ἐνδίκοις
628 773 772 859 ὁμιλίαις,

478 886 577 963 πάντα
599 886 775 965 τιμιώταται
798 886 890 946 θεῶν.
1422 935 1424 942 ,

373 983 460 1064 Quid
486 994 593 1049 auteur
619 985 659 1048 de
683 984 858 1049 Furiarum
882 995 913 1049 et
936 986 1116 1065 Parcarum
1152 986 1308 1049 affinitate
1336 977 1451 1050 tradi!

262 1099 331 1156 tum
355 1092 425 1156 est?

364 1181 507 1245 Hesiodi
531 1182 639 1264 theog.
665 1204 696 1244 ν.
721 1182 786 1246 217
811 1180 948 1265 legitur:

478 1289 541 1354 Kal
565 1289 685 1375 Μοίρας
709 1295 762 1355 καὶ
787 1290 898 1376 Κῆρας
922 1292 1055 1372 ἐγείνατο
1083 1295 1294 1378 νηλεοποίνους

262 1377 321 1465 (sc.
347 1379 436 1461 Νόξ).
454 1383 477 1462 ¹)

371 1482 436 1548 Sed
453 1483 505 1547 liic
522 1506 635 1546 versus
652 1493 682 1545 et
707 1484 860 1568 quinque,
886 1484 941 1569 qui
964 1493 1152 1569 sequuntur,
1177 1492 1266 1546 reete
1289 1506 1309 1547 a
1326 1482 1438 1547 Goett-

263 1589 364 1673 lingio
399 1589 543 1653 Hesiodo
576 1589 726 1673 abrogati
759 1599 843 1672 sunt,
868 1590 954 1675 quod
979 1613 1011 1657 ν.
1040 1590 1102 1655 185
1126 1590 1300 1653 Furiarum
1333 1599 1438 1654 mater

261 1696 367 1760 Terra
392 1705 423 1761 et
447 1723 477 1764 v.
502 1698 567 1762 904
590 1697 733 1780 genitrix
758 1697 938 1760 Parcarum
962 1697 1093 1759 Themis
1116 1696 1311 1760 nominatur.

369 1803 473 1868 Nocte
489 1813 597 1868 autem
608 1804 730 1868 Parcas
742 1812 839 1867 natas
855 1825 924 1866 esse
936 1804 1119 1885 fragmento
1133 1802 1248 1865 incerti
1265 1802 1406 1865 auctoris
1415 1804 1438 1888 2)

262 1909 353 1975 Stob.
370 1910 440 1975 Ecl.
464 1912 481 1974 I
505 1912 558 1979 512
581 1910 644 1998 (ed.
669 1910 825 1991 Meinek.)
850 1909 1007 1974 traditum
1030 1921 1093 1974 est:

477 2018 605 2084 Κλωθὼ
630 2018 771 2105 Λάχεσις
795 2018 820 2083 τ’
846 2016 985 2084 εόωλενοι

478 2136 588 2212 κοῦραι
612 2135 728 2201 νυκτός.
743 2125 766 2212 3)

370 2230 507 2295 Hesiodi
531 2242 639 2296 autem
671 2254 751 2296 vera
773 2232 952 2296 Parcarum
977 2240 1009 2293 et
1032 2230 1205 2293 Furiarum
1240 2226 1437 2313 genealogia

262 2347 312 2403 est
334 2337 429 2402 haec:

455 2428 562 2495 Chaos
589 2430 661 2494 116.
753 2437 784 2492 et
876 2425 962 2492 Gaia
988 2430 1060 2495 117.

501 2522 531 2580 V
803 2513 1009 2580 slN

477 2590 552 2654 Nox
579 2592 651 2656 123.
705 2589 837 2654 Themis
864 2591 936 2656 135.
983 2590 1123 2677 Erinyes
1150 2588 1222 2654 185.

687 2683 812 2814 Parhae
836 2752 911 2816 904.

371 2856 431 2921 Oui
457 2856 669 2940 genealogiae
694 2879 767 2920 cum
791 2856 871 2920 nihil
895 2856 935 2920 sit
959 2878 1129 2920 commune
1154 2878 1229 2920 cum
1241 2854 1430 2942 Aeschylea,

262 2985 327 3026 non
352 2972 409 3045 cst,
435 2986 492 3026 cur
517 2962 696 3048 composito
725 2977 1003 3054 ματροκασιγνῆται
1027 2963 1093 3026 vim
1122 2965 1296 3028 afferamus
1329 2979 1428 3044 neque

262 3069 445 3151 credamus,
478 3068 678 3157 Aeschylum
713 3069 881 3154 propriam
912 3069 1139 3153 genealogiam
1170 3069 1333 3152 habuisse,
1371 3087 1435 3152 qua

262 3176 339 3241 Nox
371 3185 402 3239 et
426 3176 550 3240 Parcae
589 3199 716 3240 sorores
741 3185 772 3239 ct
795 3177 848 3246 ita.
866 3180 988 3243 Parcae
1013 3177 1196 3259 Furiarum,
1221 3177 1333 3242 Noctis
1357 3174 1436 3239 lilia·

263 3304 347 3364 rum,
372 3290 568 3348 materterae
592 3292 695 3347 eraut.

478 3389 510 3463 8)
536 3390 753 3480 οὶκορόλαξ
778 3389 811 3455 S.
837 3392 890 3456 26.

476 3497 509 3575 9)
534 3497 792 3582 ὀνειρόμαντις
818 3496 877 3562 Oh.
903 3498 955 3562 33.

370 3608 463 3692 φόβος
488 3605 655 3690 -δόμων
680 3604 893 3691 ὀνειρόμαντις.
949 3604 1045 3685 Quod
1070 3604 1258 3669 scholiastes
1281 3614 1369 3668 recte
1393 3602 1440 3665 ita

262 3708 428 3793 explicat:
468 3707 505 3775 δι’
536 3710 656 3795 ὀνείρων
690 3722 753 3785 τοῖς
787 3713 890 3799 δόμοις
919 3722 1148 3800 μαντευόμενος.
1195 3720 1226 3772 et
1249 3708 1293 3772 ad
1317 3734 1349 3774 v.
1373 3709 1439 3771 35:

264 3808 428 3884 ὀιναλακεῖν
459 3823 511 3883 καὶ
535 3821 647 3905 βοῆσαι
671 3825 725 3906 τὴν
748 3818 1026 3906 Κλοταιμνήστραν
1050 3818 1188 3905 ἐποίησεν
1212 3817 1228 3882 ό
1253 3822 1356 3904 σαφὴς
1380 3823 1441 3904 μό·
1512 3894 1515 3905 Ι

263 3928 319 4008 βος
344 3924 381 3989 δι’
405 3924 536 4010 ὀνείρων.

370 4079 390 4139 ¹)
407 4073 499 4146 Κῆρας
518 4092 585 4132 esse
606 4077 714 4131 Furias
728 4083 758 4132 ot
778 4078 909 4146 epitheto
922 4072 1095 4146 νηλεοποίνους
1114 4080 1144 4127 et
1167 4075 1308 4128 versibus
1328 4072 1442 4128 Aesch.
1525 4068 1529 4119 1

263 4165 344 4235 Sept.
353 4164 422 4220 1047
442 4165 544 4235 Eurip.
564 4167 607 4219 El.
618 4166 688 4220 1248
707 4166 797 4219 Here.
817 4168 875 4219 fur.
895 4166 948 4218 81ἰέ
968 4164 1162 4218 manifestum
1183 4165 1223 4216 nt.

370 4258 391 4322 a)
411 4256 471 4310 vid.
490 4256 675 4310 Meinekium
695 4272 723 4324 p.
742 4255 836 4309 XXX.
1506 4287 1529 4336 Ὺ

369 4347 390 4412 ³)
409 4345 495 4400 Plato
514 4347 544 4398 in
563 4346 637 4414 Rep.
658 4345 685 4397 X
705 4361 732 4412 p.
752 4345 844 4398 6171)
859 4344 1124 4415 Ραικῑαεθογοιτέρας
1143 4351 1189 4417 τῆς
1209 4344 1323 4415 ἀνάγκης
1338 4343 1443 4413 appel·

286 4440 323 4503 at,
344 4435 426 4504 quod
446 4451 563 4490 morum
583 4434 751 4503 philosophi
771 4435 929 4488 lineatum
950 4450 1016 4489 esse
1037 4442 1172 4504 apparet.
