3100 4875
321 368 377 453 26)
401 376 677 463 πολυδάκρυτος
702 380 760 448 Ch.
785 374 862 451 332.

323 474 379 558 2ῖ)
403 482 625 559 πολὺεοκτος
649 485 686 551 Ε.
711 489 787 555 640.

254 608 258 615 ·
318 579 373 669 28)
398 589 650 667 πολὺκλαοτος
674 593 715 659 Α.
743 591 838 664 1627.

318 685 373 773 29)
396 690 669 784 πολόμνηοτος
693 700 734 768 Α.
759 703 833 771 812.
860 710 955 776 1459.

14 667 20 694 t

210 787 432 887 prymnium
454 809 528 881 post
563 821 693 870 versum
726 809 812 874 1475
842 818 1057 899 repetendum
1092 847 1172 913 esse,
1209 829 1278 893 iam

103 911 201 975 supra
225 911 510 967 commemoratum
534 917 591 973 ost.

3 2644 5 2695 t

207 999 341 1069 Praeter
364 1006 450 1073 hunc
474 987 592 1077 loeum'
604 1020 738 1100 passiva
773 1026 903 1091 notione
933 1019 1145 1120 compositum
1171 1041 1273 1128 Orph.
1345 1087 1347 1091 ν

101 1101 187 1190 hym.
212 1109 248 1174 54
262 1110 318 1192 412
333 1113 389 1181 492
416 1115 599 1205 adhibetur,
625 1126 734 1192 activa
757 1140 865 1198 autem
881 1138 999 1206 Aesoh.
1018 1142 1057 1209 A.
1072 1146 1137 1211 812
1161 1160 1192 1212 et
1207 1152 1278 1216 An·

100 1209 175 1276 thol.
201 1213 249 1276 VI
261 1218 336 1281 274.

272 1311 273 1314 Ἴ
311 1326 365 1415 30)
390 1306 818 1420 πολὺπλοιγιιτος.6.682.
860 1349 957 1417 Notio
982 1356 1189 1464 intransitiua
1212 1376 1274 1432 est.
1316 1453 1318 1458 ,

311 1431 367 1517 31)
389 1435 681 1535 (πολοπλᾴνητος
706 1447 764 1516 Oh.
790 1455 878 1544 424.)

200 1530 368 1602 Medieeus
384 1548 617 1631 πολοπλοιγκτος
632 1555 780 1645 praebet,
797 1563 884 1645 quod
900 1569 994 1631 metri
1011 1574 1150 1637 sanandi
1164 1598 1268 1644 eausa

97 1632 320 1704 Blomfieldius
346 1650 499 1716 correxit.
829 1664 832 1669 ’

307 1749 363 1835 32)
386 1761 588 1846 πολύρυτος
613 1766 644 1832 S.
673 1769 747 1839 856.

199 1850 237 1916 In
263 1852 410 1923 Medieeo
441 1875 490 1927 est
520 1871 581 1941 εἴθ’
615 1875 673 1940 ἀνὰ
705 1884 901 1969 πολὺρροτον,
935 1890 1053 1973 quibus
1088 1897 1197 1962 verbis
1233 1901 1268 1966 in

94 1954 296 2043 antistropha
326 1963 369 2050 (ν.
395 1969 470 2059 866)
504 1984 621 2066 μήποτε
656 1989 746 2054 πάλιν
779 1992 872 2080 ἴδοιμ’
905 1999 1113 2080 respondent.
1160 2005 1264 2072 Metro

91 2060 296 2132 Wellauerus
321 2093 414 2157 opem
431 2078 514 2163 tulit,
539 2085 595 2168 ‘qui
610 2094 687 2157 πολ6
698 2119 791 2179 ροτον
815 2100 955 2184 scripsit.
1003 2106 1049 2170 Ut
1066 2110 1150 2175 enim
1168 2116 1264 2180 modo

91 2169 249 2250 ἐπίσσυτος
272 2178 368 2243 uredo
393 2184 532 2266 ἐπίοοτος
567 2191 695 2281 dieitur,
729 2213 826 2285 prout
856 2219 991 2275 metrum
1026 2218 1179 2301 postulat,
1214 2222 1263 2290 ita

88 2279 196 2341 resin
220 2307 237 2367 ρ
261 2293 293 2347 et
317 2313 353 2374 ρρ
378 2310 448 2355 sese
472 2294 594 2363 habere
619 2304 758 2374 videtur.
806 2313 848 2379 οἵ.
874 2315 914 2381 G.
939 2317 1110 2409 Meyerum
1133 2348 1183 2410 gr.
1202 2327 1260 2396 Gr.

88 2384 108 2462 ἓ
132 2384 216 2451 29οε
245 2389 464 2474 ,Geminierte
487 2400 650 2489 Liquiden
676 2414 743 2477 und
766 2415 887 2485 Nasale
910 2426 1042 2492 werden
1074 2431 1118 2495 im

86 2488 215 2554 risehen
232 2496 299 2559 und
316 2498 494 2570 besonders
511 2509 554 2573 im
562 2515 727 2582 attisohen
743 2522 889 2613 Dialekt,
906 2554 968 2596 nur
985 2538 1160 2603 vereinzelt
1176 2543 1261 2607 anuh

88 2606 187 2680 sonst,
213 2597 324 2687 haufig
348 2611 560 2701 vereinfaoht,
586 2620 669 2686 ohne
693 2625 768 2692 dass
793 2631 892 2699 dabei
923 2638 994 2703 eine
1018 2643 1259 2730 verlangernde

85 2698 254 2792 Wirkung
290 2713 351 2776 auf
380 2714 442 2781 den
478 2723 770 2822 vorhergehenden
799 2737 914 2808 ,Vokal
951 2750 1112 2832 ausgetibt
1143 2756 1255 2823 wird.“

296 2818 351 2901 33)
375 2830 616 2917 πολὺχιοοτος
641 2842 690 2922 (Χ)
716 2841 773 2909 Ch.
800 2847 875 2914 350.

234 2982 237 2989 ,
296 2925 352 3011 34)
376 2938 603 3019 φιλαίοικτος
627 2950 676 3031 (Χ)
701 2948 734 3015 S.
761 2952 835 3020 811.

3 3078 4 3089 ,
79 3021 216 3103 αἰακτὸς,
242 3026 434 3100 lamentans'
458 3042 576 3112 Aeseh.
601 3051 692 3118 Pers.
720 3059 955 3146 10691egitur.

3 3092 5 3129 i
246 3174 247 3177 ι
296 3139 350 3229 35)
375 3150 618 3239 φιλόδορτος
643 3164 692 3243 (Χ)
717 3162 749 3230 S.
778 3167 828 3233 70.

3 3234 5 3333 (
184 3238 237 3302 De
261 3243 380 3312 talibus
405 3259 591 3340 compositis

1153 2432 1261 2502 home-

593 3313 601 3345 ,
640 3288 723 3351 quae
754 3275 863 3357 priore
887 3279 957 3346 loeo
982 3284 1119 3353 formam
1144 3298 1221 3382 φιλ(
1242 3295 1256 3382 )

3 3354 5 3399 ῑ
73 3341 241 3424 praebent
268 3349 354 3417 idem
384 3357 623 3443 significantem
651 3378 738 3459 quod
772 3382 881 3469 ἡδέως,
915 3398 1093 3480 oportune,
1132 3399 1251 3484 optime

3 3406 5 3533 (
73 3443 256 3518 Osthoffius
280 3456 300 3524 l.
326 3483 353 3528 ο.
378 3486 410 3548 p.
430 3468 582 3538 160-62
606 3477 767 3552 disseruit.
791 3489 936 3559 Primum
961 3504 1032 3589 φιλο
1060 3503 1093 3566 in
1121 3528 1250 3592 compo-

3 3542 5 3561 '
69 3552 143 3617 sitis
168 3578 285 3625 nomen
302 3579 387 3650 erat3
413 3580 478 3638 tum
502 3579 607 3647 forma
630 3589 774 3656 verbalis
797 3600 976 3680 putabatur
999 3617 1030 3671 et
1047 3631 1136 3697 nova
1164 3636 1249 3679 oom-

3 3684 5 3751 (
68 3661 182 3743 posita
190 3665 407 3763 fingebantur,
418 3703 555 3766 quorum
567 3691 657 3773 prius
674 3701 855 3769 membrum
873 3712 1009 3794 regebat
1020 3720 1191 3806 posterius,
1209 3733 1244 3788 ut

3 3776 5 3813 t
67 3771 295 3863 φιλοκέρτομος
317 3781 345 3849 i.
376 3808 403 3851 e.
428 3790 444 3854 b
469 3797 563 3880 φιλῶν
587 3804 624 3864 τὰ
648 3811 793 3894 κέρτομα,
823 3818 976 3907 φίλαρχος
1004 3822 1024 3888 i.
1055 3848 1081 3892 e.
1111 3831 1126 3895 ὁ
1151 3837 1247 3920 φιλῶν

3 3884 5 3937 t
64 3879 123 3962 τὴν
149 3878 259 3969 ἀρχήν.

176 3984 295 4053 Postea
319 4007 428 4062 autem
452 4024 493 4066 ne
517 4005 577 4072 hoe
601 4013 732 4097 quidem
757 4022 969 4111 intellegebat

60 4092 230 4169 posterius
255 4097 453 4170 adieetivum
486 4113 538 4176 vet

3 4194 5 4277 3
59 4194 253 4287 videbatur,
290 4217 321 4271 et
344 4219 356 4273 t

971 4058 1026 4116 ur;
1063 4043 1244 4112 membrum

569 4122 788 4216 participium,
820 4136 910 4218 prius
944 4142 1138 4213 adverbium
1173 4176 1244 4220 esse

359 4234 413 4277 um
436 4238 523 4284 nova
548 4232 726 4313 composita
750 4260 824 4304 eum
848 4252 919 4334 φιλο
943 4251 1138 4342 factasunt,
1164 4284 1241 4347 quo·
