3100 4875
665 118 704 182 17

201 318 330 382 Usitata
369 314 606 399 significatione
642 310 849 399 ‘somniorum
888 311 1059 395 interpreS,
1100 310 1264 400 ἀναλοτήρ

90 423 250 512 Aeschyli
273 421 428 486 maiorem
452 430 532 484 natu
567 397 738 503 aequalem
760 416 948 499 Magnetem
981 416 1193 501 compositum
1231 417 1265 479 in

85 532 219 624 ·‹LydiS'
246 527 436 594 adhibuisse
459 526 566 590 Julius
589 523 707 589 Pollux
731 522 876 588 tradidit.
930 569 933 572 Α

312 639 364 716 10)
388 637 633 726 Ποθόμαντις
657 631 717 697 Oh.
743 630 839 696 1028.
898 671 901 678 -

203 746 349 811 Priorem
375 741 544 827 compositi
572 749 700 825 partem
722 737 853 803 loeativi
879 736 949 801 loeo
975 758 1044 800 esse
1070 758 1195 801 censeo.
1222 736 1263 801 ef.

10 829 12 872 ¹
101 853 161 918 on.
187 854 263 918 ooo.
286 852 360 917 oss.
385 849 425 915 n.
453 849 547 913 τισι.
573 845 672 931 soph.
697 842 780 910 oso.
804 843 842 909 a.
868 844 942 910 oea.

10 957 11 966 ³
313 958 369 1036 11)
392 960 640 1045 φιτοποίμην
664 954 714 1037 (x)
739 950 778 1015 Ε.
802 952 878 1016 912.
899 959 901 964 “

10 1127 12 1138 ,
204 1063 371 1127 llIedioeus
410 1048 526 1125 habet:
560 1066 781 1150 φίτοποιμένος.
827 1056 1009 1120 Aeoentum
1033 1055 1176 1118 correxit
1199 1054 1266 1118 Lo-

10 1151 12 1240 i
93 1170 234 1235 beekius
257 1167 401 1252 Paralip.
419 1190 452 1252 p.
471 1169 550 1232 195:
578 1164 776 1253 ⁷,Onytona,·
790 1185 865 1226 eum
886 1173 1132 1247 componuntur,
1150 1184 1265 1260 aooen-
1340 1153 1343 1158 ’

10 1283 12 1328 ῑ
93 1285 164 1341 tum
188 1281 324 1359 mutant,
357 1280 528 1363 μελλείρην,
553 1272 758 1361 ἀρχιτοίμην“
785 1278 846 1334 ete.

312 1382 365 1466 12)
389 1389 689 1468 στρατόμαντις
713 1379 761 1463 (Χ)
785 1375 826 1442 Α.
853 1376 926 1441 125.

157 1525 160 1532 ·
202 1486 400 1572 Appendix:

316 1596 345 1678 1)
370 1595 631 1681 χειρωναξία
655 1590 713 1657 Oh.
742 1592 815 1655 757.

312 1701 344 1788 2)
368 1703 683 1789 πατραδέλφεια
706 1700 754 1784 (x)
779 1697 813 1763 S.
837 1696 890 1763 38.
1023 1783 1025 1788 γ

201 1806 304 1872 Med:
331 1811 557 1897 τατραδελφίαν
581 1809 642 1891 (x),
667 1805 753 1890 quod
778 1804 872 1868 metri
897 1825 996 1868 eausa
1019 1803 1171 1867 Pauwius
1196 1825 1265 1867 eor-

88 1914 190 1979 rexit.

139 2019 198 2087 Ι2.
240 2017 346 2084 Huius
371 2042 499 2105 quoque
516 2018 628 2096 elassis
645 2016 824 2102 composita
839 2018 873 2080 in
896 2016 1019 2081 litteras
1036 2016 1165 2101 digesta
1181 2027 1265 2081 sunt.
1362 2008 1378 2040 ¹

279 2205 285 2230 ν
313 2130 343 2209 1)
369 2128 656 2216 ἀληθόμαντις
680 2128 729 2208 (Χ)
753 2125 795 2190 A.
822 2126 916 2189 1240.

204 2233 245 2300 G.
270 2234 423 2322 Meyerus
457 2232 494 2299 O.
519 2231 565 2299 St.
590 2231 639 2297 VI
662 2255 695 2317 p.
719 2233 784 2296 252
808 2230 975 2295 contendit
1004 2231 1037 2294 in
1067 2230 1265 2315 compositis,

88 2362 178 2426 quae
190 2341 223 2403 in
233 2368 337 2430 μαντις
351 2351 482 2422 exeant,
494 2349 530 2405 ut
539 2351 744 2429 νειιρόμαντις,
755 2341 957 2427 ὀνειρόμαντις
968 2339 1171 2427 οἰωνόμαντις,
1183 2339 1264 2425 aliia,

92 2448 277 2512 membrum
294 2450 453 2532 posterius
466 2448 633 2513 verbalem
650 2457 803 2512 naturam
815 2446 954 2511 nominis
970 2447 1097 2531 agentis
1110 2446 1266 2532 quodam·

90 2554 189 2619 modo
214 2554 354 2618 retinere
378 2562 409 2618 et
433 2554 522 2639 prius
546 2565 581 2619 ut
604 2553 766 2633 obiectum
789 2575 915 2636 regere.
940 2553 1048 2634 Quam
1072 2554 1266 2619 sententiam

87 2658 268 2726 ‘Clemmius
286 2660 323 2727 C.
341 2660 387 2727 St.
405 2661 472 2725 VlI
488 2662 540 2745 85,
566 2661 672 2726 causis
695 2659 827 2725 minime
851 2658 966 2743 allatis,
991 2670 1169 2746 oppugnat.
1210 2661 1266 2725 Ad

92 2767 222 2854 Meyeri
247 2768 439 2832 sententiam
463 2767 720 2836 confirmandam
743 2766 825 2831 haee
848 2766 953 2830 addo:

199 2873 277 2938 Eur.
302 2872 384 2938 Hae.
411 2875 510 2938 1245:
536 2875 572 2939 Ὃ
598 2876 718 2964 Θρῃξί
742 2881 873 2961 μάντις
896 2874 958 2940 εἴτε
982 2874 1126 2950 Διόνυσος
1149 2878 1229 2943 τάδε.

200 2980 278 3045 Eur.
306 2977 363 3046 Or.
388 2981 467 3063 355:
492 2982 508 3047 ὁ
532 2985 749 3047 ναυτίλοισι
773 2988 905 3068 μάντις
928 2981 1081 3068 ἐξήγγειλέ
1104 3007 1165 3069 μοι.

199 3085 278 3154 Eur.
304 3085 433 3156 Heraol.
461 3088 518 3154 65:
543 3096 685 3175 μάντις
709 3087 735 3154 δ’
760 3087 835 3177 ἦσθ’
861 3087 910 3174 ἄρ’
936 3085 971 3154 ob
994 3093 1090 3164 καλὸς
1113 3093 1219 3156 τάδε.

305 3194 339 3278 2)
363 3200 614 3281 κοινοβωμίοι
637 3195 687 3276 (x)
710 3192 744 3257 S.
768 3194 842 3258 228.

307 3307 426 3367 πάντων
450 3300 476 3365 δ’
502 3302 638 3368 ἀνάκτων
662 3303 753 3368 τῶνδε
777 3306 979 3388 κοινοβωμίαν

307 3406 447 3492 Σέβεσθ’.

199 3511 272 3575 Ηοο
296 3521 328 3574 et
352 3512 415 3576 duo
448 3513 618 3598 sequentia
647 3514 827 3599 composita
850 3536 924 3578 mea
947 3514 1078 3600 quidem
1102 3517 1264 3580 sententia

89 3641 158 3684 non
182 3617 224 3682 ab
250 3618 423 3687 adieetivis
459 3619 610 3689 derirata
632 3631 715 3704 sunt,
751 3622 810 3685 sed
833 3644 914 3686 vera
953 3623 1133 3708 composita
1156 3624 1264 3709 putari

89 3724 232 3807 debent3
256 3726 289 3791 ia
314 3765 354 3774 -
380 3725 536 3790 suffixum
559 3747 580 3791 a
602 3734 701 3812 poeta
724 3727 905 3791 adhibitum
929 3737 986 3813 est,
1017 3739 1053 3794 ut
1076 3729 1262 3796 abstractus

89 3851 205 3896 sensus
229 3831 479 3917 intellegeretur.

198 3938 253 4002 Ad
276 3960 345 4003 rem
369 3940 570 4007 conferatur:

198 4047 296 4113 Paus.
322 4047 405 4112 VIII
429 4050 496 4119 37τ
522 4049 587 4133 (ed.
612 4049 774 4130 Siebelis.)
804 4049 877 4138 ὑπὲρ
901 4055 934 4118 δὲ
963 4061 996 4120 τὸ
1021 4055 1120 4129 ἄλσος
1146 4091 1185 4103 -
1210 4062 1263 4121 καὶ

88 4159 173 4222 θεῶν
197 4155 301 4222 ἄλλων
329 4155 385 4224 εἰσί
414 4161 520 4245 βωμοί.
566 4172 608 4245 τῷ
637 4165 800 4246 τελευταίῳ
825 4161 857 4225 δὲ
880 4160 1055 4248 ἐπίγραμμά
1078 4161 1149 4240 ἐστι,
1174 4166 1262 4237 θεοῖς

1138 4305 1155 4357 2

1154 4358 1167 4381 'x
