3100 4875
730 171 770 234 19

161 395 175 436 .’
270 366 386 432 αἴλινον
402 365 467 431 εἰπέ
489 365 529 428 Α.
549 364 622 428 124.
649 364 721 429 145.
739 364 821 436 169.
859 362 1107 427 Substantivum
1123 365 1336 449 compositum

163 490 284 533 evoce
318 468 451 552 lugubri
484 471 516 536 αἶ
538 470 631 545 Λίνος
667 477 772 534 ortum
797 477 854 552 est,
889 468 1198 557 uthypostaseos-1)
1230 471 1336 534 forma

164 574 324 659 quaedam
349 576 524 639 statuenda
548 575 598 640 sit.
1294 576 1296 578 ’

375 684 409 768 2)
433 686 606 750 δάπεδον
630 681 689 747 Oh.
717 684 790 749 794.

267 788 306 851 In
330 788 468 874 stropha
488 797 546 870 (vs
561 790 635 878 783)
658 789 834 875 respondet
857 805 916 857 πᾶν
938 793 1022 866 ἔπος.

271 895 339 960 vid.
363 894 505 983 Etymol.
530 894 618 980 Mag.
642 919 676 982 p.
699 897 765 963 2³48
780 926 805 964 νο
820 935 872 973 sqq.
895 895 960 979 (ed.
985 895 1182 976 Gaisford.):

165 1007 247 1089 παρά
270 1011 304 1069 τὸ
330 1007 369 1068 δα
393 1004 562 1072 sanavero
586 1011 710 1088 γίνεται·
730 1011 882 1071 τουτέστιν
904 1011 939 1070 τὸ
960 1012 1038 1091 μέγα
1053 1011 1106 1072 οιαὶ
1120 1009 1219 1071 πλατὺ
1235 1008 1335 1089 πέδον,

163 1112 178 1174 δ
203 1112 281 1177 ἔστιν
305 1111 428 1200 ἔδαφος.
476 1110 519 1179 Τὸ
544 1115 576 1177 δὲ
600 1116 639 1177 δα
662 1118 771 1194 γίνεται
797 1118 845 1189 ζα,
871 1116 952 1178 κατὰ
975 1116 1138 1199 μετάθεσιν
1160 1123 1213 1178 τοῦ
1238 1113 1262 1177 Δ
1287 1113 1330 1188 εἰς

162 1215 193 1279 Ζ.
240 1217 316 1284 ὅθεν
339 1224 392 1285 καὶ
418 1219 604 1297 Ζάπλοοτος,
628 1220 644 1285 ὁ
667 1225 745 1285 πάνο
768 1224 922 1293 πλοδοιος.

268 1329 306 1397 ζα
345 1333 394 1387 est
428 1305 533 1389 forma
571 1307 706 1389 Aeolica
740 1346 799 1409 pro
836 1328 885 1390 διὰ
921 1323 1065 1412 (Curtius
1096 1325 1162 1390 Ε.4
1186 1347 1218 1409 p.
1242 1326 1331 1410 602).

162 1431 288 1502 ζάπεδον
314 1429 392 1493 dicit
414 1430 637 1516 Xenophanes
655 1431 743 1514 apud
759 1430 965 1495 Athenaeum
981 1429 1042 1496 XI.
1059 1432 1124 1495 462
1146 1429 1184 1496 O.
1208 1431 1271 1495 Pro
1296 1439 1334 1507 ζα

159 1534 264 1598 forma
289 1535 413 1600 Dorica
437 1547 485 1600 est
509 1542 548 1603 δα
572 1536 715 1625 (Curtius
739 1535 805 1605 Ε.4
829 1560 861 1621 p.
886 1538 974 1622 606).
1022 1538 1137 1623 Itaque
1162 1564 1182 1603 α
1204 1538 1331 1602 vocalis

160 1642 330 1725 compositi
353 1647 480 1712 δάπεδον
515 1666 573 1708 suo
610 1644 682 1708 iure
706 1644 816 1708 brevis
840 1666 911 1708 esse
934 1643 1025 1709 solet.
1072 1644 1129 1707 Bis
1153 1653 1261 1708 autem
1285 1644 1328 1709 ab

158 1745 322 1835 Aeschylo
358 1749 560 1835 producitur,
601 1749 660 1815 Oh.
687 1751 750 1817 794
774 1760 806 1813 et
828 1750 936 1815 Prom.
961 1750 1035 1816 855.
1082 1750 1246 1814 Porsonus
1286 1751 1330 1815 ad

160 1853 235 1919 Eur.
262 1853 317 1921 Or.
344 1855 418 1939 824,
454 1856 643 1921 Hermanno
668 1857 712 1921 ad
735 1856 855 1921 Aesch.
880 1857 988 1921 Prom.
1013 1856 1078 1921 830
1101 1856 1268 1943 probatae,
1293 1857 1332 1920 iis

157 1958 248 2044 locis,
287 1962 405 2046 quibus
429 1989 450 2029 α
473 1963 674 2048 producitur,
702 1966 831 2048 γάπεδον
854 1961 1065 2027 scribendum
1103 1985 1173 2027 esse
1212 1974 1332 2050 censet,

110 2049 117 2066 ⁶
159 2087 232 2129 cum
270 2067 460 2134 Diridorlius
494 2070 622 2147 (Philol.
657 2073 748 2152 2052)
780 2074 910 2137 λάπεδον
945 2076 995 2156 (x)
1030 2079 1201 2155 proponat.
1249 2071 1332 2135 Her-

17 2155 19 2182 *
156 2191 296 2237 mannus
320 2175 415 2239 affert
438 2175 604 2265 Lycophr.
628 2203 660 2244 ν.
686 2178 764 2242 617:

202 2359 205 2365 ¹
370 2295 422 2349 τοῦ
447 2296 619 2371 τειχοποιοῦ
643 2287 780 2368 γαπὲδων
805 2285 965 2371 ἀμειβὲως,

159 2384 235 2472 ,ubi
258 2386 334 2452 libri
358 2390 552 2454 confirmant
575 2389 659 2455 hanc
683 2389 910 2476 scripturam.“

263 2496 308 2557 At
332 2497 472 2579 primum
496 2496 585 2559 locus
610 2496 767 2560 obscurus
792 2507 825 2559 et
848 2498 986 2560 fortasse
1011 2497 1175 2560 Dindorfii
1200 2498 1326 2562 coniec-

155 2606 231 2662 tura
254 2604 393 2668 λαπὲδων
418 2601 584 2667 sanandus
608 2611 666 2666 est.
781 2634 783 2638 ·

263 2706 394 2772 Deinde
419 2708 577 2773 coclexE
615 2709 781 2791 (editionis
818 2708 1035 2774 Scheerianae
1073 2710 1170 2797 1881)
1206 2721 1237 2775 et
1273 2713 1330 2776 alii

155 2812 296 2876 minores
321 2819 457 2884 δαπέδων
480 2816 650 2901 praebent.

264 2919 329 2984 Sed
354 2920 418 2986 alia
442 2946 484 2986 ex
519 2946 619 2988 causa
642 2924 778 2988 Porseni
812 2935 844 2989 et
866 2925 1049 2988 Hermanni
1072 2926 1206 2990 mutatio
1231 2948 1326 3010 repu-

155 3024 281 3090 dianda
305 3038 362 3097 est.
410 3034 538 3114 γάπεδον
577 3031 663 3095 enim
686 3031 740 3094 vel
762 3036 892 3122 γήπεδον
930 3040 978 3095 est
1001 3053 1164 3117 nusquam
1188 3031 1324 3120 ,so—lurn',

152 3132 212 3195 sed
235 3134 357 3220 ubique
383 3137 494 3223 ager,
521 3136 661 3225 portus.
677 3143 702 3224 2)

262 3239 374 3319 Quare
398 3265 514 3306 censeo
553 3242 753 3331 Aeschylum
785 3248 913 3311 δάπεδον
944 3243 1050 3327 prima
1089 3242 1219 3331 syllaba
1253 3266 1327 3328 pro-

152 3342 254 3410 ducta
294 3346 427 3413 dixisse.
474 3349 626 3413 Fortasse
664 3348 744 3412 illud
773 3352 956 3434 praefixum
992 3354 1031 3415 δα
1070 3350 1217 3414 confudit
1255 3374 1329 3415 cum

151 3452 276 3516 Dorica
288 3453 394 3518 forma
417 3459 456 3522 δα
479 3478 539 3540 pro
563 3471 603 3540 γᾶ
627 3479 646 3521 a
670 3457 808 3521 scenicis
831 3455 918 3521 haud
943 3478 1018 3519 raro
1041 3456 1172 3540 usitata,
1181 3462 1205 3538 3)
1230 3479 1329 3541 quam

261 3582 283 3646 ¹)
302 3580 349 3633 De
383 3597 444 3649 qua
472 3581 588 3635 Latinis
619 3586 785 3653 praecipue
817 3584 963 3652 exemplis
994 3583 1144 3636 illustrata
1172 3583 1328 3638 Usenerus

149 3667 339 3723 Fleckeisen.
359 3686 428 3723 ann.
449 3671 500 3724 117
520 3686 547 3739 p.
568 3672 674 3725 71—80
693 3672 842 3726 disseruit.

260 3757 282 3826 ²)
304 3760 341 3812 cf.
354 3760 430 3813 Pleu.
444 3759 520 3829 Leg.
540 3776 568 3829 p.
588 3760 639 3814 741
654 3759 690 3814 C:
709 3761 736 3810 τὸ
748 3761 879 3830 πριάμενον
890 3759 911 3832 ἢ
924 3758 1073 3830 ἀποδόμενον
1083 3754 1116 3811 ὧν
1129 3760 1219 3831 ἔλαχεν
1229 3758 1328 3812 οἰνοπέ-

150 3842 200 3895 δων
221 3844 241 3916 ἢ
259 3844 382 3918 Ι(ηπέδων.
402 3850 523 3904 Aristot.
543 3849 628 3904 Polit.
649 3850 732 3908 1151
755 3852 878 3920 opponit
897 3851 975 3904 inter
995 3866 1027 3903 sc
1047 3848 1148 3921 γήπεδα
1167 3851 1275 3920 ,agros'
1297 3857 1328 3904 et

147 3934 263 4003 καρπούς
283 3951 435 4005 ,agrorum
455 3939 590 3992 fructus'.

259 4026 279 4090 ³)
300 4024 452 4080 cf.AeSch.
466 4027 564 4081 Proin.
578 4027 631 4080 589
650 4022 708 4079 ἆδᾰ
722 4026 903 4097 801101.οἱγάρ
916 4028 1017 4097 Δωριεῖς
1036 4029 1082 4099 τὴν
1101 4035 1150 4099 γῆν
1163 4025 1210 4098 δήν
1223 4027 1265 4078 καὶ
1280 4025 1326 4078 δάν

148 4129 231 4182 φασιν.
278 4117 386 4169 Aesch.
408 4116 493 4170 Eum.
512 4116 565 4172 844
584 4110 607 4168 οἶ
626 4110 648 4168 οἶ
667 4115 706 4180 δᾶ,
726 4125 780 4187 φεῦ.
800 4118 889 4172 schol.
910 4115 950 4168 δᾶ·
969 4113 990 4167 ὦ
1009 4124 1045 4189 γῆ
1064 4118 1190 4187 Δωρικῶς.
1217 4117 1325 4172 Aesch.

147 4200 186 4254 Α.
208 4202 278 4256 1056
296 4211 369 4256 ποποῖ
388 4204 428 4257 δᾶ.
449 4207 538 4260 schol.
557 4214 592 4278 γῆ
605 4207 732 4277 Δωρικῶς.
751 4207 823 4260 Eur.
836 4207 947 4261 Phoen.
968 4207 1038 4261 1302
1058 4215 1101 4276 φεῦ
1120 4204 1159 4258 δᾶ.
1173 4206 1326 4277 Aristoph.

151 4290 225 4360 Lps.
246 4293 296 4347 198
317 4293 455 4358 (Laconis
475 4296 620 4364 loquitur)
639 4303 683 4367 φεῦ
702 4293 741 4348 δᾶ.
