<?xml version="1.0" encoding="UTF-8"?>
<!DOCTYPE html PUBLIC "-//W3C//DTD XHTML 1.0 Transitional//EN"
    "http://www.w3.org/TR/xhtml1/DTD/xhtml1-transitional.dtd">
<html xmlns="http://www.w3.org/1999/xhtml" xml:lang="en" lang="en">
 <head>
  <title>
</title>
<meta http-equiv="Content-Type" content="text/html;charset=utf-8" />
  <meta name='ocr-system' content='tesseract 3.04.00' />
  <meta name='ocr-capabilities' content='ocr_page ocr_carea ocr_par ocr_line ocrx_word'/>
</head>
<body>
  <div class='ocr_page' id='page_1' title='image "./decompositisaes01genngoog_0027.png"; bbox 0 0 3100 4875; ppageno 0'>
   <div class='ocr_carea' id='block_1_1' title="bbox 742 283 793 348">
    <p class='ocr_par' dir='ltr' id='par_1_1' title="bbox 742 283 793 348">
     <span class='ocr_line' id='line_1_1' title="bbox 742 283 793 348; baseline -0.137 1"><span class='ocrx_word' id='word_1_1' title='bbox 742 283 793 348; x_wconf 73' lang='lat'>23,</span> 
     </span>
    </p>
   </div>
   <div class='ocr_carea' id='block_1_2' title="bbox 91 476 1391 3338">
    <p class='ocr_par' dir='ltr' id='par_1_2' title="bbox 91 476 1391 3338">
     <span class='ocr_line' id='line_1_2' title="bbox 171 476 1348 563; baseline -0.007 -14"><span class='ocrx_word' id='word_1_2' title='bbox 171 481 330 549; x_wconf 84' lang='lat' dir='ltr'>correxit.</span> <span class='ocrx_word' id='word_1_3' title='bbox 341 487 366 562; x_wconf 84' lang='lat'>1)</span> <span class='ocrx_word' id='word_1_4' title='bbox 413 482 455 545; x_wconf 85' lang='lat' dir='ltr'>cf.</span> <span class='ocrx_word' id='word_1_5' title='bbox 478 478 617 558; x_wconf 77' lang='lat' dir='ltr'>Luciam.</span> <span class='ocrx_word' id='word_1_6' title='bbox 644 476 798 546; x_wconf 79' lang='grc' dir='ltr'>Ἒνοπνιον</span> <span class='ocrx_word' id='word_1_7' title='bbox 822 480 842 558; x_wconf 62' lang='grc' dir='ltr'>ἓ</span> <span class='ocrx_word' id='word_1_8' title='bbox 867 476 905 537; x_wconf 98' lang='grc'>11</span> <span class='ocrx_word' id='word_1_9' title='bbox 922 478 965 556; x_wconf 58' lang='grc' dir='ltr'>ἳ);</span> <span class='ocrx_word' id='word_1_10' title='bbox 987 482 1112 542; x_wconf 71' lang='grc' dir='ltr'>τοιαῦτά</span> <span class='ocrx_word' id='word_1_11' title='bbox 1128 500 1175 552; x_wconf 87' lang='grc' dir='ltr'>σοι</span> <span class='ocrx_word' id='word_1_12' title='bbox 1189 481 1348 563; x_wconf 79' lang='grc' dir='ltr'>περιθησω</span> 
     </span>
     <span class='ocr_line' id='line_1_3' title="bbox 170 583 1391 677; baseline -0.016 -18"><span class='ocrx_word' id='word_1_13' title='bbox 170 598 215 659; x_wconf 73' lang='grc' dir='ltr'>τὰ</span> <span class='ocrx_word' id='word_1_14' title='bbox 240 596 443 677; x_wconf 75' lang='grc' dir='ltr'><strong>γνωρίσματα,</strong></span> <span class='ocrx_word' id='word_1_15' title='bbox 478 587 554 654; x_wconf 75' lang='grc' dir='ltr'>ὥστε</span> <span class='ocrx_word' id='word_1_16' title='bbox 576 600 634 652; x_wconf 81' lang='grc' dir='ltr'>πων</span> <span class='ocrx_word' id='word_1_17' title='bbox 658 585 794 669; x_wconf 80' lang='grc' dir='ltr'>δρώντων</span> <span class='ocrx_word' id='word_1_18' title='bbox 817 583 945 658; x_wconf 78' lang='grc' dir='ltr'>ἕκαστος</span> <span class='ocrx_word' id='word_1_19' title='bbox 977 589 1026 649; x_wconf 80' lang='grc' dir='ltr'>τόν</span> <span class='ocrx_word' id='word_1_20' title='bbox 1057 587 1188 671; x_wconf 80' lang='grc' dir='ltr'><strong>πλησίον</strong></span> <span class='ocrx_word' id='word_1_21' title='bbox 1221 590 1348 669; x_wconf 76' lang='grc' dir='ltr'>κινήσας</span> <span class='ocrx_word' id='word_1_22' title='bbox 1390 637 1391 640; x_wconf 74' lang='grc'>,</span> 
     </span>
     <span class='ocr_line' id='line_1_4' title="bbox 171 690 936 781; baseline -0.014 -16"><span class='ocrx_word' id='word_1_23' title='bbox 171 701 264 773; x_wconf 71' lang='grc' dir='ltr'>δείξει</span> <span class='ocrx_word' id='word_1_24' title='bbox 287 723 321 763; x_wconf 90' lang='grc' dir='ltr'>σε</span> <span class='ocrx_word' id='word_1_25' title='bbox 344 708 386 781; x_wconf 77' lang='grc' dir='ltr'>τῷ</span> <span class='ocrx_word' id='word_1_26' title='bbox 409 697 559 780; x_wconf 75' lang='grc' dir='ltr'>δανιπόλῳ,</span> <span class='ocrx_word' id='word_1_27' title='bbox 584 690 671 766; x_wconf 71' lang='grc' dir='ltr'>οὗτος</span> <span class='ocrx_word' id='word_1_28' title='bbox 694 692 808 766; x_wconf 77' lang='grc' dir='ltr'>ἐκεῖνος</span> <span class='ocrx_word' id='word_1_29' title='bbox 831 693 936 772; x_wconf 75' lang='grc' dir='ltr'>λέγων.</span> 
     </span>
     <span class='ocr_line' id='line_1_5' title="bbox 272 795 1348 880; baseline -0.008 -14"><span class='ocrx_word' id='word_1_30' title='bbox 272 801 398 866; x_wconf 79' lang='lat' dir='ltr'>-Horat</span> <span class='ocrx_word' id='word_1_31' title='bbox 423 799 532 874; x_wconf 79' lang='lat' dir='ltr'>Germ.</span> <span class='ocrx_word' id='word_1_32' title='bbox 569 797 618 862; x_wconf 90' lang='lat' dir='ltr'>IV</span> <span class='ocrx_word' id='word_1_33' title='bbox 642 795 717 865; x_wconf 66' lang='lat'>332:</span> <span class='ocrx_word' id='word_1_34' title='bbox 758 795 854 877; x_wconf 79' lang='lat' dir='ltr'>Quod</span> <span class='ocrx_word' id='word_1_35' title='bbox 886 804 1047 860; x_wconf 85' lang='lat' dir='ltr'>monstror</span> <span class='ocrx_word' id='word_1_36' title='bbox 1072 795 1173 879; x_wconf 84' lang='lat' dir='ltr'><strong>digito</strong></span> <span class='ocrx_word' id='word_1_37' title='bbox 1205 803 1348 880; x_wconf 84' lang='lat' dir='ltr'>praeter·</span> 
     </span>
     <span class='ocr_line' id='line_1_6' title="bbox 172 902 785 992; baseline -0.01 -18"><span class='ocrx_word' id='word_1_38' title='bbox 172 908 321 974; x_wconf 85' lang='lat' dir='ltr'>euntium</span> <span class='ocrx_word' id='word_1_39' title='bbox 345 907 511 974; x_wconf 80' lang='lat' dir='ltr'>Romanae</span> <span class='ocrx_word' id='word_1_40' title='bbox 539 903 660 970; x_wconf 84' lang='lat' dir='ltr'>fidicen</span> <span class='ocrx_word' id='word_1_41' title='bbox 682 902 785 992; x_wconf 81' lang='lat' dir='ltr'>lyrae.</span> 
     </span>
     <span class='ocr_line' id='line_1_7' title="bbox 394 1009 1148 1108; baseline -0.004 -32"><span class='ocrx_word' id='word_1_42' title='bbox 394 1014 445 1095; x_wconf 86' lang='grc'>13)</span> <span class='ocrx_word' id='word_1_43' title='bbox 469 1016 722 1101; x_wconf 79' lang='grc' dir='ltr'>δημηλαπος</span> <span class='ocrx_word' id='word_1_44' title='bbox 746 1012 807 1095; x_wconf 79' lang='lat' dir='ltr'><strong>(x).</strong></span> <span class='ocrx_word' id='word_1_45' title='bbox 833 1009 867 1075; x_wconf 88' lang='lat' dir='ltr'>S.</span> <span class='ocrx_word' id='word_1_46' title='bbox 891 1010 966 1098; x_wconf 72' lang='lat'><strong>622.</strong></span> <span class='ocrx_word' id='word_1_47' title='bbox 1068 1035 1070 1040; x_wconf 51' lang='lat'>‘</span> <span class='ocrx_word' id='word_1_48' title='bbox 1143 1071 1148 1108; x_wconf 40' lang='grc' dir='ltr'>ρ</span> 
     </span>
     <span class='ocr_line' id='line_1_8' title="bbox 91 1116 1345 1208; baseline -0.005 -22"><span class='ocrx_word' id='word_1_49' title='bbox 91 1174 94 1180; x_wconf 95' lang='grc'><strong>.</strong></span> <span class='ocrx_word' id='word_1_50' title='bbox 285 1122 391 1208; x_wconf 80' lang='grc' dir='ltr'>ἄτιμον</span> <span class='ocrx_word' id='word_1_51' title='bbox 429 1124 482 1186; x_wconf 82' lang='grc' dir='ltr'>σὺν</span> <span class='ocrx_word' id='word_1_52' title='bbox 515 1131 596 1208; x_wconf 71' lang='lat' dir='ltr'><strong>pepp</strong></span> <span class='ocrx_word' id='word_1_53' title='bbox 628 1121 806 1208; x_wconf 79' lang='grc' dir='ltr'>δημηλάτῳ.</span> <span class='ocrx_word' id='word_1_54' title='bbox 853 1121 1030 1206; x_wconf 80' lang='grc' dir='ltr'>δημηλατος</span> <span class='ocrx_word' id='word_1_55' title='bbox 1070 1125 1117 1180; x_wconf 88' lang='lat' dir='ltr'>est</span> <span class='ocrx_word' id='word_1_56' title='bbox 1152 1116 1168 1181; x_wconf 82' lang='grc' dir='ltr'>ὁ</span> <span class='ocrx_word' id='word_1_57' title='bbox 1198 1116 1258 1181; x_wconf 79' lang='grc' dir='ltr'>ἀπὸ</span> <span class='ocrx_word' id='word_1_58' title='bbox 1294 1126 1345 1181; x_wconf 77' lang='grc' dir='ltr'>τοῦ</span> 
     </span>
     <span class='ocr_line' id='line_1_9' title="bbox 169 1224 694 1317; baseline -0.019 -22"><span class='ocrx_word' id='word_1_59' title='bbox 169 1233 273 1317; x_wconf 85' lang='grc' dir='ltr'>δημοο</span> <span class='ocrx_word' id='word_1_60' title='bbox 297 1227 423 1302; x_wconf 79' lang='grc' dir='ltr'>ἐλαδεὶς</span> <span class='ocrx_word' id='word_1_61' title='bbox 447 1224 575 1309; x_wconf 85' lang='lat' dir='ltr'><strong>(Steph.</strong></span> <span class='ocrx_word' id='word_1_62' title='bbox 599 1224 694 1312; x_wconf 75' lang='lat' dir='ltr'>Byr.)</span> 
     </span>
     <span class='ocr_line' id='line_1_10' title="bbox 282 1329 1195 1419; baseline -0.005 -21"><span class='ocrx_word' id='word_1_63' title='bbox 282 1331 411 1418; x_wconf 78' lang='lat' dir='ltr'><strong>Optime</strong></span> <span class='ocrx_word' id='word_1_64' title='bbox 435 1353 469 1398; x_wconf 81' lang='lat' dir='ltr'>ee</span> <span class='ocrx_word' id='word_1_65' title='bbox 493 1329 592 1396; x_wconf 85' lang='lat' dir='ltr'>habet</span> <span class='ocrx_word' id='word_1_66' title='bbox 616 1330 823 1415; x_wconf 81' lang='lat' dir='ltr'><strong>pleonasmus</strong></span> <span class='ocrx_word' id='word_1_67' title='bbox 846 1331 880 1396; x_wconf 92' lang='lat' dir='ltr'>in</span> <span class='ocrx_word' id='word_1_68' title='bbox 904 1338 983 1419; x_wconf 74' lang='lat' dir='ltr'><strong>pop‘p</strong></span> <span class='ocrx_word' id='word_1_69' title='bbox 1007 1333 1195 1419; x_wconf 81' lang='grc' dir='ltr'>δημηλατος.</span> 
     </span>
     <span class='ocr_line' id='line_1_11' title="bbox 389 1436 1011 1529; baseline 0 -27"><span class='ocrx_word' id='word_1_70' title='bbox 389 1439 443 1521; x_wconf 81' lang='grc'>14)</span> <span class='ocrx_word' id='word_1_71' title='bbox 468 1441 761 1529; x_wconf 78' lang='grc' dir='ltr'>(δημόκραντος</span> <span class='ocrx_word' id='word_1_72' title='bbox 785 1437 847 1524; x_wconf 62' lang='lat' dir='ltr'>(rt)</span> <span class='ocrx_word' id='word_1_73' title='bbox 871 1437 912 1503; x_wconf 83' lang='lat' dir='ltr'>A.</span> <span class='ocrx_word' id='word_1_74' title='bbox 936 1436 1011 1502; x_wconf 84' lang='grc'><strong>464.</strong></span> 
     </span>
     <span class='ocr_line' id='line_1_12' title="bbox 281 1541 1262 1634; baseline -0.004 -25"><span class='ocrx_word' id='word_1_75' title='bbox 281 1544 376 1612; x_wconf 80' lang='lat' dir='ltr'>Libri</span> <span class='ocrx_word' id='word_1_76' title='bbox 400 1548 593 1634; x_wconf 78' lang='grc' dir='ltr'>δημόπραπος</span> <span class='ocrx_word' id='word_1_77' title='bbox 617 1542 785 1628; x_wconf 79' lang='lat' dir='ltr'>praebent,</span> <span class='ocrx_word' id='word_1_78' title='bbox 811 1542 898 1628; x_wconf 90' lang='lat' dir='ltr'>quod</span> <span class='ocrx_word' id='word_1_79' title='bbox 921 1542 1085 1607; x_wconf 88' lang='lat' dir='ltr'>Porsonus</span> <span class='ocrx_word' id='word_1_80' title='bbox 1109 1541 1262 1607; x_wconf 81' lang='lat' dir='ltr'>correxit.</span> 
     </span>
     <span class='ocr_line' id='line_1_13' title="bbox 283 1649 1186 1739; baseline -0.001 -23"><span class='ocrx_word' id='word_1_81' title='bbox 283 1653 325 1718; x_wconf 85' lang='lat' dir='ltr'>A.</span> <span class='ocrx_word' id='word_1_82' title='bbox 349 1652 761 1739; x_wconf 70' lang='grc' dir='ltr'>4641ιραςοημικρωιω.</span> <span class='ocrx_word' id='word_1_83' title='bbox 801 1649 900 1714; x_wconf 85' lang='lat' dir='ltr'>schol.</span> <span class='ocrx_word' id='word_1_84' title='bbox 924 1654 1074 1739; x_wconf 80' lang='grc' dir='ltr'>δημοσίας</span> <span class='ocrx_word' id='word_1_85' title='bbox 1097 1651 1186 1736; x_wconf 79' lang='grc' dir='ltr'>ἀράς.</span> 
     </span>
     <span class='ocr_line' id='line_1_14' title="bbox 279 1754 1344 1850; baseline -0.008 -24"><span class='ocrx_word' id='word_1_86' title='bbox 279 1760 352 1845; x_wconf 77' lang='grc' dir='ltr'>ἀραὶ</span> <span class='ocrx_word' id='word_1_87' title='bbox 376 1762 521 1850; x_wconf 89' lang='grc' dir='ltr'>δημόσιαι</span> <span class='ocrx_word' id='word_1_88' title='bbox 545 1757 632 1822; x_wconf 92' lang='lat' dir='ltr'>etin</span> <span class='ocrx_word' id='word_1_89' title='bbox 656 1756 791 1823; x_wconf 71' lang='lat' dir='ltr'>bonam.</span> <span class='ocrx_word' id='word_1_90' title='bbox 802 1765 833 1820; x_wconf 89' lang='lat' dir='ltr'>et</span> <span class='ocrx_word' id='word_1_91' title='bbox 857 1757 890 1820; x_wconf 89' lang='lat' dir='ltr'>in</span> <span class='ocrx_word' id='word_1_92' title='bbox 913 1755 1031 1820; x_wconf 79' lang='lat' dir='ltr'>malam</span> <span class='ocrx_word' id='word_1_93' title='bbox 1061 1767 1187 1841; x_wconf 86' lang='lat' dir='ltr'>partem</span> <span class='ocrx_word' id='word_1_94' title='bbox 1211 1754 1344 1819; x_wconf 85' lang='lat' dir='ltr'>fiebant.</span> 
     </span>
     <span class='ocr_line' id='line_1_15' title="bbox 173 1861 1344 1952; baseline -0.004 -22"><span class='ocrx_word' id='word_1_95' title='bbox 173 1865 298 1930; x_wconf 84' lang='lat' dir='ltr'>Prioris</span> <span class='ocrx_word' id='word_1_96' title='bbox 321 1864 451 1948; x_wconf 81' lang='lat' dir='ltr'>generis</span> <span class='ocrx_word' id='word_1_97' title='bbox 480 1863 665 1952; x_wconf 83' lang='lat' dir='ltr'>exemplum</span> <span class='ocrx_word' id='word_1_98' title='bbox 701 1863 789 1947; x_wconf 89' lang='lat' dir='ltr'>apud</span> <span class='ocrx_word' id='word_1_99' title='bbox 815 1862 1015 1926; x_wconf 86' lang='lat' dir='ltr'>Herodotum</span> <span class='ocrx_word' id='word_1_100' title='bbox 1050 1862 1112 1949; x_wconf 78' lang='lat' dir='ltr'>(VI</span> <span class='ocrx_word' id='word_1_101' title='bbox 1135 1863 1205 1930; x_wconf 66' lang='lat'>634</span> <span class='ocrx_word' id='word_1_102' title='bbox 1229 1862 1280 1927; x_wconf 89' lang='lat' dir='ltr'>ed.</span> <span class='ocrx_word' id='word_1_103' title='bbox 1307 1861 1344 1926; x_wconf 79' lang='grc' dir='ltr'>(λ</span> 
     </span>
     <span class='ocr_line' id='line_1_16' title="bbox 169 1968 1342 2056; baseline -0.003 -20"><span class='ocrx_word' id='word_1_104' title='bbox 169 1971 332 2056; x_wconf 69' lang='lat' dir='ltr'>Mueller.)</span> <span class='ocrx_word' id='word_1_105' title='bbox 357 1978 473 2038; x_wconf 81' lang='lat' dir='ltr'>exstat.</span> <span class='ocrx_word' id='word_1_106' title='bbox 508 1969 652 2044; x_wconf 81' lang='lat' dir='ltr'>Alterius</span> <span class='ocrx_word' id='word_1_107' title='bbox 675 1970 806 2054; x_wconf 84' lang='lat' dir='ltr'>generis</span> <span class='ocrx_word' id='word_1_108' title='bbox 835 1968 987 2054; x_wconf 84' lang='lat' dir='ltr'>exempla</span> <span class='ocrx_word' id='word_1_109' title='bbox 1019 1977 1093 2034; x_wconf 89' lang='lat' dir='ltr'>sunt</span> <span class='ocrx_word' id='word_1_110' title='bbox 1118 1968 1285 2040; x_wconf 80' lang='lat' dir='ltr'>Demosth,</span> <span class='ocrx_word' id='word_1_111' title='bbox 1310 1991 1342 2054; x_wconf 93' lang='lat' dir='ltr'>p.</span> 
     </span>
     <span class='ocr_line' id='line_1_17' title="bbox 166 2076 523 2161; baseline -0.003 -19"><span class='ocrx_word' id='word_1_112' title='bbox 166 2078 276 2156; x_wconf 71' lang='lat'>‘270³)</span> <span class='ocrx_word' id='word_1_113' title='bbox 300 2085 331 2140; x_wconf 89' lang='lat' dir='ltr'>et</span> <span class='ocrx_word' id='word_1_114' title='bbox 354 2098 387 2161; x_wconf 87' lang='lat' dir='ltr'>p.</span> <span class='ocrx_word' id='word_1_115' title='bbox 411 2076 484 2141; x_wconf 83' lang='lat'><strong>363.</strong></span> <span class='ocrx_word' id='word_1_116' title='bbox 497 2081 523 2158; x_wconf 74' lang='grc'>4)</span> 
     </span>
     <span class='ocr_line' id='line_1_18' title="bbox 181 2166 996 2273; baseline -0.001 -26"><span class='ocrx_word' id='word_1_117' title='bbox 181 2166 186 2174; x_wconf 50' lang='grc'><strong><em>’</em></strong></span> <span class='ocrx_word' id='word_1_118' title='bbox 388 2185 442 2264; x_wconf 80' lang='lat' dir='ltr'>lo)</span> <span class='ocrx_word' id='word_1_119' title='bbox 466 2187 764 2273; x_wconf 78' lang='grc' dir='ltr'>δημόπρακτος</span> <span class='ocrx_word' id='word_1_120' title='bbox 789 2188 839 2264; x_wconf 84' lang='lat' dir='ltr'>(x)</span> <span class='ocrx_word' id='word_1_121' title='bbox 864 2183 896 2249; x_wconf 86' lang='lat' dir='ltr'>S.</span> <span class='ocrx_word' id='word_1_122' title='bbox 920 2185 996 2249; x_wconf 81' lang='lat'><strong>953.</strong></span> 
     </span>
     <span class='ocr_line' id='line_1_19' title="bbox 386 2288 1032 2375; baseline 0 -22"><span class='ocrx_word' id='word_1_123' title='bbox 386 2290 441 2375; x_wconf 83' lang='grc'>16)</span> <span class='ocrx_word' id='word_1_124' title='bbox 464 2292 682 2365; x_wconf 78' lang='grc' dir='ltr'>διόσδοτος</span> <span class='ocrx_word' id='word_1_125' title='bbox 706 2291 747 2356; x_wconf 87' lang='grc' dir='ltr'>Α.</span> <span class='ocrx_word' id='word_1_126' title='bbox 775 2290 869 2356; x_wconf 84' lang='grc'>1390,</span> <span class='ocrx_word' id='word_1_127' title='bbox 893 2288 931 2355; x_wconf 88' lang='grc' dir='ltr'>Ε.</span> <span class='ocrx_word' id='word_1_128' title='bbox 956 2290 1032 2356; x_wconf 78' lang='lat'><strong>629.</strong></span> 
     </span>
     <span class='ocr_line' id='line_1_20' title="bbox 283 2387 1383 2481; baseline 0.001 -21"><span class='ocrx_word' id='word_1_129' title='bbox 283 2394 334 2460; x_wconf 90' lang='lat' dir='ltr'>De</span> <span class='ocrx_word' id='word_1_130' title='bbox 358 2394 476 2481; x_wconf 84' lang='lat' dir='ltr'>prioris</span> <span class='ocrx_word' id='word_1_131' title='bbox 505 2394 642 2461; x_wconf 85' lang='lat' dir='ltr'><strong>membri</strong></span> <span class='ocrx_word' id='word_1_132' title='bbox 674 2404 792 2463; x_wconf 83' lang='lat' dir='ltr'>natura</span> <span class='ocrx_word' id='word_1_133' title='bbox 814 2403 902 2461; x_wconf 85' lang='lat' dir='ltr'>recte</span> <span class='ocrx_word' id='word_1_134' title='bbox 926 2396 1005 2460; x_wconf 86' lang='lat' dir='ltr'>mihi</span> <span class='ocrx_word' id='word_1_135' title='bbox 1027 2394 1191 2462; x_wconf 82' lang='lat' dir='ltr'>iudicasse</span> <span class='ocrx_word' id='word_1_136' title='bbox 1214 2395 1344 2461; x_wconf 86' lang='lat' dir='ltr'>videtur</span> <span class='ocrx_word' id='word_1_137' title='bbox 1380 2387 1383 2393; x_wconf 63' lang='grc'>’</span> 
     </span>
     <span class='ocr_line' id='line_1_21' title="bbox 170 2499 1343 2589; baseline 0.001 -24"><span class='ocrx_word' id='word_1_138' title='bbox 170 2501 202 2565; x_wconf 89' lang='lat' dir='ltr'>N</span> <span class='ocrx_word' id='word_1_139' title='bbox 205 2500 360 2586; x_wconf 81' lang='lat' dir='ltr'>eckelius,</span> <span class='ocrx_word' id='word_1_140' title='bbox 377 2502 482 2585; x_wconf 91' lang='lat' dir='ltr'>quiin</span> <span class='ocrx_word' id='word_1_141' title='bbox 499 2499 725 2566; x_wconf 75' lang='lat' dir='ltr'>dissertatione</span> <span class='ocrx_word' id='word_1_142' title='bbox 738 2501 923 2585; x_wconf 84' lang='lat' dir='ltr'>inaugurali</span> <span class='ocrx_word' id='word_1_143' title='bbox 941 2503 992 2589; x_wconf 43' lang='lat' dir='ltr'>‘de</span> <span class='ocrx_word' id='word_1_144' title='bbox 1004 2503 1188 2571; x_wconf 86' lang='lat' dir='ltr'>nominibus</span> <span class='ocrx_word' id='word_1_145' title='bbox 1206 2503 1343 2568; x_wconf 84' lang='lat' dir='ltr'>Graecis</span> 
     </span>
     <span class='ocr_line' id='line_1_22' title="bbox 165 2607 1342 2696; baseline 0 -23"><span class='ocrx_word' id='word_1_146' title='bbox 165 2607 370 2693; x_wconf 79' lang='lat' dir='ltr'>compositis,</span> <span class='ocrx_word' id='word_1_147' title='bbox 402 2628 541 2693; x_wconf 88' lang='lat' dir='ltr'>quorum</span> <span class='ocrx_word' id='word_1_148' title='bbox 563 2608 652 2693; x_wconf 91' lang='lat' dir='ltr'>prior</span> <span class='ocrx_word' id='word_1_149' title='bbox 676 2631 752 2694; x_wconf 84' lang='lat' dir='ltr'>pars</span> <span class='ocrx_word' id='word_1_150' title='bbox 776 2631 910 2674; x_wconf 84' lang='lat' dir='ltr'>casuum</span> <span class='ocrx_word' id='word_1_151' title='bbox 933 2610 1055 2675; x_wconf 86' lang='lat' dir='ltr'>formas</span> <span class='ocrx_word' id='word_1_152' title='bbox 1078 2609 1227 2696; x_wconf 84' lang='lat' dir='ltr'>praebet&#39;</span> <span class='ocrx_word' id='word_1_153' title='bbox 1251 2609 1342 2695; x_wconf 80' lang='lat' dir='ltr'><strong>Lips.</strong></span> 
     </span>
     <span class='ocr_line' id='line_1_23' title="bbox 173 2712 1342 2800; baseline 0.001 -22"><span class='ocrx_word' id='word_1_154' title='bbox 173 2712 258 2779; x_wconf 81' lang='lat'>1882</span> <span class='ocrx_word' id='word_1_155' title='bbox 290 2736 322 2799; x_wconf 90' lang='lat' dir='ltr'>p.</span> <span class='ocrx_word' id='word_1_156' title='bbox 366 2714 402 2779; x_wconf 77' lang='lat'>17</span> <span class='ocrx_word' id='word_1_157' title='bbox 435 2713 512 2780; x_wconf 84' lang='lat' dir='ltr'>adu.</span> <span class='ocrx_word' id='word_1_158' title='bbox 548 2714 742 2800; x_wconf 84' lang='lat' dir='ltr'>suspicatur,</span> <span class='ocrx_word' id='word_1_159' title='bbox 776 2720 860 2784; x_wconf 91' lang='grc' dir='ltr'>διοσ-</span> <span class='ocrx_word' id='word_1_160' title='bbox 891 2728 997 2781; x_wconf 89' lang='lat' dir='ltr'>ortum</span> <span class='ocrx_word' id='word_1_161' title='bbox 1029 2739 1099 2781; x_wconf 85' lang='lat' dir='ltr'>csse</span> <span class='ocrx_word' id='word_1_162' title='bbox 1131 2740 1173 2781; x_wconf 87' lang='lat' dir='ltr'>ex</span> <span class='ocrx_word' id='word_1_163' title='bbox 1207 2715 1342 2780; x_wconf 86' lang='lat' dir='ltr'>ablativi</span> 
     </span>
     <span class='ocr_line' id='line_1_24' title="bbox 171 2821 371 2888; baseline 0.02 -4"><span class='ocrx_word' id='word_1_164' title='bbox 171 2821 277 2885; x_wconf 85' lang='lat' dir='ltr'>forma</span> <span class='ocrx_word' id='word_1_165' title='bbox 300 2824 371 2888; x_wconf 88' lang='grc' dir='ltr'>διοτ.</span> 
     </span>
     <span class='ocr_line' id='line_1_25' title="bbox 388 2928 1342 3019; baseline 0.007 -29"><span class='ocrx_word' id='word_1_166' title='bbox 388 2928 442 3006; x_wconf 78' lang='grc'>17)</span> <span class='ocrx_word' id='word_1_167' title='bbox 466 2930 694 3015; x_wconf 83' lang='grc' dir='ltr'>δορόπαλτος</span> <span class='ocrx_word' id='word_1_168' title='bbox 718 2931 769 3012; x_wconf 83' lang='lat' dir='ltr'>(x)</span> <span class='ocrx_word' id='word_1_169' title='bbox 793 2930 824 2993; x_wconf 88' lang='lat' dir='ltr'><strong>A</strong></span> <span class='ocrx_word' id='word_1_170' title='bbox 851 2932 925 2996; x_wconf 64' lang='lat'>119:</span> <span class='ocrx_word' id='word_1_171' title='bbox 970 2938 1062 3019; x_wconf 82' lang='grc' dir='ltr'>χερὸς</span> <span class='ocrx_word' id='word_1_172' title='bbox 1086 2932 1122 3000; x_wconf 75' lang='grc' dir='ltr'>ἐν</span> <span class='ocrx_word' id='word_1_173' title='bbox 1144 2933 1342 3017; x_wconf 83' lang='grc' dir='ltr'>δοροπόιλτοο.</span> 
     </span>
     <span class='ocr_line' id='line_1_26' title="bbox 280 3031 1340 3122; baseline 0.003 -25"><span class='ocrx_word' id='word_1_174' title='bbox 280 3031 420 3097; x_wconf 84' lang='lat' dir='ltr'>Omnino</span> <span class='ocrx_word' id='word_1_175' title='bbox 444 3055 509 3096; x_wconf 92' lang='lat' dir='ltr'>non</span> <span class='ocrx_word' id='word_1_176' title='bbox 533 3033 696 3118; x_wconf 75' lang='lat' dir='ltr'>intellego,</span> <span class='ocrx_word' id='word_1_177' title='bbox 721 3057 780 3100; x_wconf 90' lang='lat' dir='ltr'>cur</span> <span class='ocrx_word' id='word_1_178' title='bbox 803 3036 985 3117; x_wconf 75' lang='lat' dir='ltr'>Turnebus²</span> <span class='ocrx_word' id='word_1_179' title='bbox 1017 3059 1112 3122; x_wconf 88' lang='lat' dir='ltr'>quem</span> <span class='ocrx_word' id='word_1_180' title='bbox 1137 3060 1247 3102; x_wconf 87' lang='lat' dir='ltr'>omnes</span> <span class='ocrx_word' id='word_1_181' title='bbox 1274 3038 1340 3102; x_wconf 88' lang='lat' dir='ltr'>edi-</span> 
     </span>
     <span class='ocr_line' id='line_1_27' title="bbox 170 3139 1339 3232; baseline 0.008 -32"><span class='ocrx_word' id='word_1_182' title='bbox 170 3146 257 3201; x_wconf 80' lang='lat' dir='ltr'>tores</span> <span class='ocrx_word' id='word_1_183' title='bbox 280 3139 382 3202; x_wconf 87' lang='lat' dir='ltr'>seouti</span> <span class='ocrx_word' id='word_1_184' title='bbox 405 3149 490 3225; x_wconf 77' lang='lat' dir='ltr'>sunt,</span> <span class='ocrx_word' id='word_1_185' title='bbox 524 3139 663 3205; x_wconf 88' lang='lat' dir='ltr'>Medicei</span> <span class='ocrx_word' id='word_1_186' title='bbox 686 3142 882 3228; x_wconf 83' lang='lat' dir='ltr'>scripturam</span> <span class='ocrx_word' id='word_1_187' title='bbox 912 3145 1067 3229; x_wconf 84' lang='lat' dir='ltr'>optimam</span> <span class='ocrx_word' id='word_1_188' title='bbox 1091 3148 1295 3232; x_wconf 79' lang='grc' dir='ltr'>δορόποιλτος</span> <span class='ocrx_word' id='word_1_189' title='bbox 1319 3145 1339 3209; x_wconf 92' lang='lat' dir='ltr'>i.</span> 
     </span>
     <span class='ocr_line' id='line_1_28' title="bbox 162 3247 1339 3338; baseline 0.011 -33"><span class='ocrx_word' id='word_1_190' title='bbox 162 3265 196 3308; x_wconf 82' lang='lat' dir='ltr'>e.</span> <span class='ocrx_word' id='word_1_191' title='bbox 232 3250 358 3312; x_wconf 81' lang='grc' dir='ltr'>πάλλων</span> <span class='ocrx_word' id='word_1_192' title='bbox 392 3254 426 3312; x_wconf 85' lang='grc' dir='ltr'>τὸ</span> <span class='ocrx_word' id='word_1_193' title='bbox 460 3250 531 3333; x_wconf 88' lang='grc' dir='ltr'>δόρο</span> <span class='ocrx_word' id='word_1_194' title='bbox 570 3247 617 3326; x_wconf 90' lang='lat' dir='ltr'>(ut</span> <span class='ocrx_word' id='word_1_195' title='bbox 647 3253 825 3336; x_wconf 83' lang='grc' dir='ltr'>δοροσσόος)</span> <span class='ocrx_word' id='word_1_196' title='bbox 859 3251 890 3314; x_wconf 91' lang='lat' dir='ltr'>in</span> <span class='ocrx_word' id='word_1_197' title='bbox 924 3254 1118 3338; x_wconf 83' lang='grc' dir='ltr'>δορὶπαλτος</span> <span class='ocrx_word' id='word_1_198' title='bbox 1156 3252 1339 3319; x_wconf 83' lang='lat' dir='ltr'>mutaverit.</span> 
     </span>
    </p>
   </div>
   <div class='ocr_carea' id='block_1_3' title="bbox 165 3348 1338 3541">
    <p class='ocr_par' dir='ltr' id='par_1_3' title="bbox 165 3348 1338 3541">
     <span class='ocr_line' id='line_1_29' title="bbox 169 3348 1338 3447; baseline 0.012 -34"><span class='ocrx_word' id='word_1_199' title='bbox 169 3348 273 3417; x_wconf 88' lang='lat' dir='ltr'>Immo</span> <span class='ocrx_word' id='word_1_200' title='bbox 297 3350 448 3436; x_wconf 87' lang='lat' dir='ltr'>equidem</span> <span class='ocrx_word' id='word_1_201' title='bbox 480 3355 670 3439; x_wconf 81' lang='grc' dir='ltr'>δορίπαλτος,</span> <span class='ocrx_word' id='word_1_202' title='bbox 706 3355 733 3419; x_wconf 84' lang='lat' dir='ltr'>si</span> <span class='ocrx_word' id='word_1_203' title='bbox 764 3357 920 3421; x_wconf 83' lang='lat' dir='ltr'>traditum</span> <span class='ocrx_word' id='word_1_204' title='bbox 954 3367 1047 3440; x_wconf 81' lang='lat' dir='ltr'>esset,</span> <span class='ocrx_word' id='word_1_205' title='bbox 1083 3359 1117 3422; x_wconf 90' lang='lat' dir='ltr'>iu</span> <span class='ocrx_word' id='word_1_206' title='bbox 1147 3362 1338 3447; x_wconf 80' lang='grc' dir='ltr'>δορόπαλτος</span> 
     </span>
     <span class='ocr_line' id='line_1_30' title="bbox 165 3460 370 3541; baseline 0 -23"><span class='ocrx_word' id='word_1_207' title='bbox 165 3460 370 3541; x_wconf 80' lang='lat' dir='ltr'>mutarem.⁵}</span> 
     </span>
    </p>
   </div>
   <div class='ocr_carea' id='block_1_4' title="bbox 161 3600 1338 4466">
    <p class='ocr_par' dir='ltr' id='par_1_4' title="bbox 276 3600 572 3670">
     <span class='ocr_line' id='line_1_31' title="bbox 276 3600 572 3670; baseline 0.017 -20"><span class='ocrx_word' id='word_1_208' title='bbox 276 3603 296 3665; x_wconf 82' lang='lat'>¹)</span> <span class='ocrx_word' id='word_1_209' title='bbox 315 3600 375 3652; x_wconf 87' lang='lat' dir='ltr'>vid.</span> <span class='ocrx_word' id='word_1_210' title='bbox 396 3616 461 3670; x_wconf 84' lang='lat' dir='ltr'><strong>sup.</strong></span> <span class='ocrx_word' id='word_1_211' title='bbox 480 3617 509 3670; x_wconf 90' lang='lat' dir='ltr'>p.</span> <span class='ocrx_word' id='word_1_212' title='bbox 528 3603 572 3656; x_wconf 77' lang='lat'>21.</span> 
     </span>
    </p>

    <p class='ocr_par' dir='ltr' id='par_1_5' title="bbox 274 3686 596 3753">
     <span class='ocr_line' id='line_1_32' title="bbox 274 3686 596 3753; baseline 0.006 -12"><span class='ocrx_word' id='word_1_213' title='bbox 274 3690 295 3753; x_wconf 74' lang='lat'>²)</span> <span class='ocrx_word' id='word_1_214' title='bbox 317 3686 330 3741; x_wconf 87' lang='lat'><em>1</em></span> <span class='ocrx_word' id='word_1_215' title='bbox 348 3689 365 3741; x_wconf 94' lang='lat'>8</span> <span class='ocrx_word' id='word_1_216' title='bbox 384 3688 433 3743; x_wconf 89' lang='lat' dir='ltr'>cd.</span> <span class='ocrx_word' id='word_1_217' title='bbox 451 3688 596 3745; x_wconf 84' lang='lat' dir='ltr'>Jacobitz.</span> 
     </span>
    </p>

    <p class='ocr_par' dir='ltr' id='par_1_6' title="bbox 273 3775 1088 3852">
     <span class='ocr_line' id='line_1_33' title="bbox 273 3775 1088 3852; baseline 0.013 -27"><span class='ocrx_word' id='word_1_218' title='bbox 273 3776 294 3840; x_wconf 79' lang='lat'>8)</span> <span class='ocrx_word' id='word_1_219' title='bbox 313 3775 366 3844; x_wconf 83' lang='grc' dir='ltr'>περὶ</span> <span class='ocrx_word' id='word_1_220' title='bbox 384 3783 427 3829; x_wconf 77' lang='grc' dir='ltr'>τοῦ</span> <span class='ocrx_word' id='word_1_221' title='bbox 445 3777 563 3849; x_wconf 80' lang='grc' dir='ltr'>στεφάνου</span> <span class='ocrx_word' id='word_1_222' title='bbox 583 3783 597 3842; x_wconf 66' lang='lat'>5</span> <span class='ocrx_word' id='word_1_223' title='bbox 618 3778 670 3833; x_wconf 84' lang='lat'>130</span> <span class='ocrx_word' id='word_1_224' title='bbox 689 3780 735 3834; x_wconf 88' lang='lat' dir='ltr'>cd.</span> <span class='ocrx_word' id='word_1_225' title='bbox 755 3780 864 3835; x_wconf 82' lang='lat' dir='ltr'>Baiter.</span> <span class='ocrx_word' id='word_1_226' title='bbox 886 3780 1088 3852; x_wconf 86' lang='lat' dir='ltr'>Sauppianae.</span> 
     </span>
    </p>

    <p class='ocr_par' dir='ltr' id='par_1_7' title="bbox 271 3863 1052 3937">
     <span class='ocr_line' id='line_1_34' title="bbox 271 3863 1052 3937; baseline 0.017 -25"><span class='ocrx_word' id='word_1_227' title='bbox 271 3864 293 3930; x_wconf 79' lang='lat'>⁴)</span> <span class='ocrx_word' id='word_1_228' title='bbox 312 3863 365 3933; x_wconf 83' lang='grc' dir='ltr'>περὶ</span> <span class='ocrx_word' id='word_1_229' title='bbox 383 3870 430 3935; x_wconf 79' lang='grc' dir='ltr'>τῆς</span> <span class='ocrx_word' id='word_1_230' title='bbox 448 3864 645 3937; x_wconf 79' lang='grc' dir='ltr'>παραπρεσβείας</span> <span class='ocrx_word' id='word_1_231' title='bbox 665 3872 680 3931; x_wconf 67' lang='grc' dir='ltr'>ξ</span> <span class='ocrx_word' id='word_1_232' title='bbox 699 3869 741 3923; x_wconf 77' lang='grc'>70.</span> <span class='ocrx_word' id='word_1_233' title='bbox 761 3870 804 3924; x_wconf 77' lang='lat'>71.</span> <span class='ocrx_word' id='word_1_234' title='bbox 1049 3930 1052 3935; x_wconf 51' lang='lat'><strong>.</strong></span> 
     </span>
    </p>

    <p class='ocr_par' dir='ltr' id='par_1_8' title="bbox 161 3951 1338 4466">
     <span class='ocr_line' id='line_1_35' title="bbox 273 3951 1335 4031; baseline 0.013 -27"><span class='ocrx_word' id='word_1_235' title='bbox 273 3952 296 4016; x_wconf 79' lang='lat'>⁶)</span> <span class='ocrx_word' id='word_1_236' title='bbox 316 3951 402 4014; x_wconf 81' lang='lat' dir='ltr'>Quod</span> <span class='ocrx_word' id='word_1_237' title='bbox 422 3952 593 4010; x_wconf 82' lang='lat' dir='ltr'>Lobcckins</span> <span class='ocrx_word' id='word_1_238' title='bbox 620 3956 658 4010; x_wconf 85' lang='lat' dir='ltr'>ad</span> <span class='ocrx_word' id='word_1_239' title='bbox 678 3959 724 4012; x_wconf 80' lang='grc' dir='ltr'>Αἰ.</span> <span class='ocrx_word' id='word_1_240' title='bbox 743 3975 771 4027; x_wconf 89' lang='lat' dir='ltr'>p.</span> <span class='ocrx_word' id='word_1_241' title='bbox 793 3958 844 4012; x_wconf 89' lang='lat'>133</span> <span class='ocrx_word' id='word_1_242' title='bbox 864 3960 910 4014; x_wconf 86' lang='lat' dir='ltr'>ed.</span> <span class='ocrx_word' id='word_1_243' title='bbox 929 3959 974 4013; x_wconf 90' lang='lat' dir='ltr'>III</span> <span class='ocrx_word' id='word_1_244' title='bbox 1004 3960 1073 4015; x_wconf 86' lang='lat' dir='ltr'>dicit</span> <span class='ocrx_word' id='word_1_245' title='bbox 1103 3962 1226 4031; x_wconf 75' lang='lat' dir='ltr'>„Itaque</span> <span class='ocrx_word' id='word_1_246' title='bbox 1247 3966 1335 4018; x_wconf 87' lang='lat' dir='ltr'>etiam</span> 
     </span>
     <span class='ocr_line' id='line_1_36' title="bbox 164 4035 1338 4122; baseline 0.014 -35"><span class='ocrx_word' id='word_1_247' title='bbox 164 4035 312 4106; x_wconf 84' lang='grc' dir='ltr'>δορίπαλτος</span> <span class='ocrx_word' id='word_1_248' title='bbox 332 4041 414 4108; x_wconf 86' lang='lat' dir='ltr'>apud</span> <span class='ocrx_word' id='word_1_249' title='bbox 427 4042 611 4112; x_wconf 81' lang='lat' dir='ltr'>Aeschylum</span> <span class='ocrx_word' id='word_1_250' title='bbox 625 4046 728 4100; x_wconf 85' lang='lat' dir='ltr'>dubito</span> <span class='ocrx_word' id='word_1_251' title='bbox 749 4065 788 4101; x_wconf 80' lang='lat' dir='ltr'>arr</span> <span class='ocrx_word' id='word_1_252' title='bbox 808 4051 871 4103; x_wconf 87' lang='lat' dir='ltr'>sino</span> <span class='ocrx_word' id='word_1_253' title='bbox 890 4049 999 4104; x_wconf 85' lang='lat' dir='ltr'>idonea</span> <span class='ocrx_word' id='word_1_254' title='bbox 1012 4053 1127 4106; x_wconf 82' lang='lat' dir='ltr'>ratione</span> <span class='ocrx_word' id='word_1_255' title='bbox 1141 4053 1171 4105; x_wconf 90' lang='lat' dir='ltr'>in</span> <span class='ocrx_word' id='word_1_256' title='bbox 1186 4050 1338 4122; x_wconf 79' lang='grc' dir='ltr'>δορόιιοιλτος</span> 
     </span>
     <span class='ocr_line' id='line_1_37' title="bbox 165 4129 1334 4208; baseline 0.016 -31"><span class='ocrx_word' id='word_1_257' title='bbox 165 4132 356 4181; x_wconf 83' lang='lat' dir='ltr'>mutatum</span> <span class='ocrx_word' id='word_1_258' title='bbox 384 4129 502 4198; x_wconf 83' lang='lat' dir='ltr'>fucrit“‚</span> <span class='ocrx_word' id='word_1_259' title='bbox 531 4132 574 4185; x_wconf 83' lang='lat' dir='ltr'>ita</span> <span class='ocrx_word' id='word_1_260' title='bbox 602 4139 720 4189; x_wconf 86' lang='lat' dir='ltr'>tantum</span> <span class='ocrx_word' id='word_1_261' title='bbox 749 4138 901 4206; x_wconf 82' lang='lat' dir='ltr'>explicare</span> <span class='ocrx_word' id='word_1_262' title='bbox 930 4155 1060 4208; x_wconf 87' lang='lat' dir='ltr'>possum,</span> <span class='ocrx_word' id='word_1_263' title='bbox 1092 4147 1125 4194; x_wconf 86' lang='lat' dir='ltr'>ut</span> <span class='ocrx_word' id='word_1_264' title='bbox 1150 4140 1334 4195; x_wconf 81' lang='lat' dir='ltr'>Lobeckium</span> 
     </span>
     <span class='ocr_line' id='line_1_38' title="bbox 161 4216 1335 4289; baseline 0.013 -20"><span class='ocrx_word' id='word_1_265' title='bbox 161 4216 311 4269; x_wconf 86' lang='lat' dir='ltr'>bonorum</span> <span class='ocrx_word' id='word_1_266' title='bbox 330 4217 474 4271; x_wconf 85' lang='lat' dir='ltr'>librorum</span> <span class='ocrx_word' id='word_1_267' title='bbox 494 4222 674 4289; x_wconf 83' lang='lat' dir='ltr'>scripturam</span> <span class='ocrx_word' id='word_1_268' title='bbox 688 4228 807 4280; x_wconf 90' lang='lat' dir='ltr'>omnino</span> <span class='ocrx_word' id='word_1_269' title='bbox 827 4243 888 4282; x_wconf 91' lang='lat' dir='ltr'>non</span> <span class='ocrx_word' id='word_1_270' title='bbox 907 4230 1030 4282; x_wconf 78' lang='lat' dir='ltr'>scivisse</span> <span class='ocrx_word' id='word_1_271' title='bbox 1050 4245 1198 4284; x_wconf 86' lang='lat' dir='ltr'>censeam.</span> <span class='ocrx_word' id='word_1_272' title='bbox 1218 4230 1335 4286; x_wconf 78' lang='lat' dir='ltr'>Scilicet</span> 
     </span>
     <span class='ocr_line' id='line_1_39' title="bbox 161 4302 1334 4382; baseline 0.017 -27"><span class='ocrx_word' id='word_1_273' title='bbox 161 4302 330 4358; x_wconf 83' lang='lat' dir='ltr'>Hermanni</span> <span class='ocrx_word' id='word_1_274' title='bbox 358 4305 449 4361; x_wconf 85' lang='lat' dir='ltr'>editio</span> <span class='ocrx_word' id='word_1_275' title='bbox 478 4306 653 4379; x_wconf 68' lang='lat' dir='ltr'>Aeschylea&#39;</span> <span class='ocrx_word' id='word_1_276' title='bbox 672 4330 751 4369; x_wconf 84' lang='lat' dir='ltr'>anno</span> <span class='ocrx_word' id='word_1_277' title='bbox 778 4314 848 4370; x_wconf 72' lang='lat'>1852</span> <span class='ocrx_word' id='word_1_278' title='bbox 874 4320 955 4371; x_wconf 85' lang='lat' dir='ltr'>faeta</span> <span class='ocrx_word' id='word_1_279' title='bbox 981 4324 1034 4382; x_wconf 85' lang='lat' dir='ltr'>est,</span> <span class='ocrx_word' id='word_1_280' title='bbox 1062 4318 1205 4373; x_wconf 81' lang='lat' dir='ltr'>Lobcckii</span> <span class='ocrx_word' id='word_1_281' title='bbox 1234 4318 1334 4375; x_wconf 81' lang='lat' dir='ltr'>Aiacis</span> 
     </span>
     <span class='ocr_line' id='line_1_40' title="bbox 163 4392 784 4466; baseline 0.021 -22"><span class='ocrx_word' id='word_1_282' title='bbox 163 4392 254 4447; x_wconf 90' lang='lat' dir='ltr'>editio</span> <span class='ocrx_word' id='word_1_283' title='bbox 274 4394 368 4448; x_wconf 86' lang='lat' dir='ltr'>altera</span> <span class='ocrx_word' id='word_1_284' title='bbox 388 4397 427 4449; x_wconf 90' lang='lat' dir='ltr'>ab</span> <span class='ocrx_word' id='word_1_285' title='bbox 447 4398 511 4466; x_wconf 89' lang='lat' dir='ltr'>ipso</span> <span class='ocrx_word' id='word_1_286' title='bbox 533 4406 639 4454; x_wconf 79' lang='lat' dir='ltr'>curata</span> <span class='ocrx_word' id='word_1_287' title='bbox 658 4419 684 4455; x_wconf 87' lang='lat' dir='ltr'>a.</span> <span class='ocrx_word' id='word_1_288' title='bbox 706 4403 784 4457; x_wconf 80' lang='lat'><strong>1835.</strong></span> 
     </span>
    </p>
   </div>
   <div class='ocr_carea' id='block_1_5' title="bbox 0 0 1554 4875">
    <p class='ocr_par' dir='ltr' id='par_1_9' title="bbox 0 0 1554 4875">
     <span class='ocr_line' id='line_1_41' title="bbox 0 0 1554 4875; baseline 0 1"><span class='ocrx_word' id='word_1_289' title='bbox 0 0 1554 4875; x_wconf 95' lang='lat' dir='ltr'> </span> 
     </span>
    </p>
   </div>
  </div>
 </body>
</html>
