3100 4875
702 288 735 349 I]

243 481 284 545 A.
309 503 339 547 v.
366 483 539 546 loro-77
564 482 732 547 Medioeus
756 483 912 567 praebet:

397 597 516 679 orama

351 702 497 782 praebeor
522 704 576 783 μὲν
600 695 661 774 οὖν,
684 702 788 763 πολλὰ
811 705 971 783 συνίστορα

353 800 507 893 αὐτοφόνα
530 809 615 870 κακὰ
638 811 776 890 καρτάνογ
791 809 824 872 lt.
996 801 998 806 ’

294 921 299 930 ’
354 910 486 995 ἀνδρὸς
510 919 662 998 σφάγιον
686 918 739 977 καὶ
762 910 1016 998 πεδορραντήριον
1028 911 1061 993 9).

247 1015 285 1077 in
311 1015 515 1099 antistropha
539 1030 584 1098 (v.
600 1017 698 1101 1082)
723 1025 831 1081 autem
855 1015 990 1098 legitur:

355 1122 465 1198 ὀπτάς
488 1149 523 1188 τε
547 1129 687 1210 σάρκας
710 1131 786 1211 πρὸς
809 1130 924 1210 πατρὸς
949 1127 1153 1209 βεβρωμένας.

248 1226 358 1308 Quare
382 1239 469 1291 reete
493 1229 572 1292 mihi
587 1229 791 1294 Dobraeus
815 1232 924 1315 ἀνδρὸς
948 1236 1074 1317 σφάγιον
1091 1228 1125 1290 in
1142 1231 1317 1319 ἀνδροσφα-

138 1345 218 1417 γεῖον
242 1334 417 1398 mutavisse
442 1336 580 1402 videtur.
595 1342 620 1419 3)

248 1442 483 1530 ἀνδροσφαγεῖον
506 1441 593 1506 idem
618 1442 784 1526 signifieat
808 1440 895 1527 quod
919 1443 1152 1528 ἀνδροκτονεῖον,
1188 1441 1229 1503 de
1253 1463 1316 1526 quo

26 1547 29 1556 '
142 1543 348 1633 Phrynichus
381 1549 420 1612 B.
451 1550 492 1613 A.
518 1550 572 1629 28,
611 1548 655 1611 ita
695 1548 841 1612 disserit:
878 1551 1118 1635 ἁνδροκτονεῐον·
1165 1550 1182 1614 ὁ
1215 1557 1316 1625 τόπος,

140 1656 220 1718 ἔνθα
259 1654 285 1719 οἱ
317 1655 475 1738 ἄνθρωποι
508 1657 765 1743 ἀποθνήσκουσιν.
820 1656 950 1739 Αέγοιτο
984 1656 1009 1719 δ’
1034 1656 1070 1721 ἂν
1105 1658 1316 1741 ἀνδροκτονεῖα

139 1764 194 1825 καὶ
231 1765 269 1825 τὰ
300 1774 358 1828 τῶν
387 1764 502 1850 δημίων
533 1762 758 1850 ἐνδιαιτηματα,
793 1763 824 1830 ἐν
853 1763 898 1838 οἷς
927 1767 997 1838 τοὺς
1024 1775 1083 1828 τῶν
1118 1762 1314 1827 ἐπιθανάτων

26 1901 28 1904 ·
138 1863 218 1949 (leg.
241 1872 311 1944 τοὺς
336 1865 383 1934 ἐπὶ
407 1870 546 1955 θανάτῳ)
570 1873 860 1945 καταδικασθέντας
877 1885 1102 1957 καταχρῶνται.
1174 1951 1175 1954 ¹

357 1976 390 2055 3)
415 1978 658 2064 ἀρχηγέτης
684 1974 716 2039 θ.
745 1977 817 2041 190.
845 1976 920 2041 257.

248 2079 350 2144 Utin
374 2080 543 2146 voeabuIIs
567 2104 640 2146 oum
666 2087 736 2173 φιλο
765 2083 955 2167 compositis
988 2083 1034 2146 ita
1058 2083 1089 2145 in
1114 2082 1153 2146 iis
1178 2105 1317 2167 quoque,

140 2207 228 2271 quae
252 2188 360 2271 priore
391 2187 462 2253 loeo
493 2191 556 2279 ἀρχ
586 2189 755 2274 praebent,
787 2199 925 2258 natura.
943 2189 1037 2253 huius
1065 2189 1202 2252 membri
1226 2188 1318 2251 initio

25 2285 27 2306 '
142 2293 315 2357 nominalis
339 2305 426 2377 erat3
451 2296 497 2359 ita
528 2301 578 2360 res
608 2318 642 2360 se
671 2297 771 2361 habet
788 2296 838 2360 ‚iu
872 2299 1056 2387 ἀρχηγέτης.
1103 2295 1233 2359 Deinde
1257 2298 1320 2383 ἀρχ

142 2400 321 2466 verbaliter
359 2401 670 2489 interpretabantur,
710 2403 797 2490 quod
837 2404 1078 2469 demonstratur
1115 2402 1319 2487 compositis:

143 2510 310 2596 ἀρχεδὶκης
334 2508 428 2571 Pind.
447 2510 542 2595 Pyth.
568 2510 617 2573 IV
643 2513 706 2575 110
729 2511 792 2597 (ed.
811 2510 942 2597 Christ.)
967 2514 1145 2598 ἀρχέκακος
1170 2509 1206 2575 II.
1225 2509 1256 2570 V
1275 2510 1318 2573 63

143 2612 262 2677 Aeseh.
286 2614 376 2679 Pers.
394 2617 469 2683 295.
517 2616 682 2700 Aristoph.
708 2616 791 2700 Equ.
819 2618 882 2680 164
905 2615 970 2700 (ed.
988 2616 1113 2693 Didot.)
1138 2619 1314 2701 ἀρχέπλοο-

140 2747 194 2797 τος
219 2720 317 2806 Soph.
342 2720 391 2786 EI.
420 2724 459 2786 ῖ2
483 2723 548 2802 (ed.
572 2722 715 2808 Nauck).
763 2726 948 2811 ἀρχέπτολις
973 2721 1069 2788 Pind.
1086 2721 1184 2809 Pyth.
1197 2719 1247 2783 IX
1265 2722 1318 2785 54.

145 2830 375 2918 ἀρχεπτόλεμος
400 2829 437 2893 ΙΙ.
463 2829 545 2894 VIII
572 2832 645 2896 128.
692 2834 920 2920 ἀρχεσίμολπος
954 2827 1092 2894 Stesieh.
1124 2851 1176 2912 ap.
1202 2827 1320 2892 Athen.

146 2957 177 3020 p.
205 2935 269 3000 180
291 2936 329 3001 Ε.
361 2939 536 3025 ἀρχέχορος
564 2937 674 3021 Eurip.
699 2936 820 3000 Troad.
848 2938 912 2999 150
935 2935 999 3020 (ed.
1025 2933 1219 3017 Kirehhoff).

218 3030 224 3037 ⁸
252 3042 368 3108 VoeaIi
401 3070 414 3109 ε
448 3044 618 3107 manifeste
647 3053 794 3127 apparet,
818 3042 909 3127 prius
932 3039 1113 3105 membrum
1148 3061 1218 3103 esse
1250 3061 1320 3102 ver-

144 3154 265 3238 balea
312 3150 448 3215 Praeter
471 3154 548 3239 ἀρχε
572 3153 647 3238 ἀρχι
671 3172 800 3236 quoque
823 3149 997 3234 iuvenitur,
1022 3147 1161 3232 primum
1185 3147 1217 3210 iu
1242 3146 1319 3212 Eur.

145 3261 241 3348 CyeI.
266 3284 297 3324 v.
321 3262 388 3324 474
411 3262 624 3346 (ἁρχιτέκτων)
649 3267 681 3320 et
705 3256 794 3340 apud
819 3255 1038 3334 Herodotum
1073 3253 1162 3339 apud
1187 3254 1320 3338 posteri-

143 3390 240 3432 orum
272 3377 454 3451 temporum
488 3365 663 3449 scriptores
695 3363 777 3426 haee
804 3363 910 3426 forma
945 3361 1135 3445 saepissime
1168 3360 1320 3442 occurrit,

146 3475 289 3538 maxime
314 3473 400 3557 apud
420 3471 633 3560 Byzantinos,
658 3469 713 3554 qui
737 3491 777 3533 ea
801 3468 844 3532 ad
868 3466 969 3531 multa
985 3466 1040 3531 illa
1062 3490 1198 3530 munera
1214 3467 1322 3531 aulica

49 3624 55 3639 .
146 3580 347 3667 appellanda
371 3580 555 3644 utebantur.
602 3581 676 3667 ἁρχι
705 3601 747 3641 ex
771 3580 849 3666 ἀρχε
873 3576 1047 3640 multorum
1071 3575 1321 3660 compositorum

146 3689 301 3772 analogia
326 3697 431 3752 ortum
454 3696 512 3769 est,
548 3708 632 3771 quae
656 3685 765 3770 priore
797 3684 868 3750 Ioco
899 3682 1066 3749 verbalem
1093 3683 1231 3746 formam
1255 3683 1288 3744 in
1313 3710 1322 3748 ι

145 3806 323 3860 exeuntem
356 3794 526 3883 liabent.⁵)

257 3927 277 3988 1)
296 3922 429 3993 καρατόμα
447 3921 605 3991 Kayserus
625 3922 760 3974 coniecit.

258 4010 279 4077 ²)
299 4011 414 4066 Censeo
439 4008 511 4062 πέδον
536 4010 666 4081 ῥαντὴριον
691 4009 884 4063 scribendum
912 4023 986 4062 esse.
1031 4007 1088 4063 (Ita
1112 4008 1170 4059 iam
1196 4005 1321 4058 hledieei

150 4118 258 4156 manus
278 4103 413 4156 secunda
433 4103 523 4168 fauit.)
561 4101 707 4156 Nhnirum
727 4098 858 4169 ραντὴριον
878 4114 946 4151 eum
965 4097 1055 4167 στέγην
1074 4095 1322 4163 coniungendam

147 4195 359 4248 accusativum
378 4189 449 4241 πέδον
468 4192 556 4259 regit.

258 4286 278 4349 3)
299 4282 363 4334 Iam
382 4281 579 4335 Casaubonus
598 4277 776 4348 ἀνδροσράγιον
796 4279 959 4346 proposuit.

258 4376 280 4440 ⁴)
300 4374 337 4425 ef.
357 4370 534 4425 Osthottium
556 4369 572 4421 I.
592 4386 615 4421 c.
635 4384 663 4437 p.
685 4366 816 4422 rea-65.

256 4466 279 4528 ὅ)
300 4461 359 4515 rid.
380 4461 458 4513 infra
478 4461 534 4513 sub
549 4458 612 4511 BII
632 4476 660 4526 al
677 4459 708 4527 hl
729 4464 758 4512 et
779 4456 1000 4510 rtCleuunium
1016 4453 1047 4508 C.
1062 4453 1160 4509 StI'II
1172 4470 1198 4522 p.
1212 4451 1246 4506 47
1258 4470 1323 4520 sqq.
