3100 4875
156 185 179 215 A

13 225 19 326 ἑ
103 263 128 298 ι,υ

12 333 17 422 β
41 367 63 424 1,,-

10 429 34 638 l

183 421 259 491 112.
352 419 425 507 Hac
449 417 552 483 classe
576 419 712 503 triginta
735 418 879 504 quinque
896 418 1075 502 composita
1095 418 1313 501 continentur,

133 550 224 615 quae
256 528 439 594 litterarum
473 525 586 592 ordine
620 524 828 592 enumerabo.
874 524 1059 592 Duodecim
1090 524 1211 589 habent
1242 526 1313 590 loco

141 634 321 721 posteriore
346 630 555 715 adiectivum,
580 630 697 715 viginti
720 631 784 695 tria
807 630 1026 716 participium.
1073 630 1207 702 Illorum
1234 631 1313 700 duo·

135 740 247 804 decim
272 736 504 804 vocabulorum
522 746 594 801 octo
618 759 638 801 a
655 759 736 802 voce
751 763 810 805 παν
834 735 1003 822 incipiunt,
1026 735 1153 822 reliqua
1169 738 1201 800 in
1218 747 1310 823 quat·

135 857 211 911 tuor
235 845 384 910 diversas
407 865 505 909 voces
522 843 724 910 dividuntur.
771 843 895 924 Quinta
915 852 1040 910 tantum
1066 865 1142 928 pars
1158 846 1204 930 (5)
1229 866 1314 908 corn·
1359 899 1363 906 .

134 951 326 1038 positorum,
359 972 443 1036 quae
467 949 677 1036 participium
708 948 779 1016 loco
799 950 982 1034 posteriore
1006 949 1176 1035 praebent,
1212 973 1313 1018 απαν

137 1058 263 1143 incipit,
298 1057 394 1122 tertia
426 1056 473 1140 (8)
498 1080 518 1120 a
540 1061 630 1138 πολυ,
663 1055 790 1141 reliqua
822 1057 890 1143 (10)
922 1056 953 1120 in
990 1057 1133 1142 quinque
1166 1057 1315 1121 diversas

133 1164 264 1249 priores
288 1173 399 1248 partes
423 1172 647 1228 secernuntur.

244 1272 286 1334 A.
345 1268 537 1336 ¹Membrnm
561 1268 721 1353 posterius
745 1268 944 1334 adieetivnrn
967 1278 1024 1334 est.
1125 1344 1129 1352 .

354 1377 385 1459 1)
409 1380 674 1463 βαθυχαῖος
697 1376 748 1460 (x)
772 1373 806 1441 S.
830 1375 907 1439 870.

244 1480 344 1547 schol.
369 1488 559 1570 βαθυχαῖος·
583 1483 762 1571 ἡμεχαλιυς
786 1480 917 1570 εὐγενής.
949 1490 1023 1570 χάου
1045 1488 1102 1569 γὰρ
1128 1482 1156 1550 οἱ
1179 1481 1316 1568 adpetere,

245 1587 430 1676 Hesychius
453 1598 555 1676 χαιός·
580 1591 712 1672 ἀγαθός.

249 1695 410 1782 Aristoph.
428 1694 508 1784 Lys.
526 1698 579 1761 91.
604 1697 681 1784 χαία
705 1703 753 1765 ναί
768 1704 810 1764 τὼ
827 1703 893 1774 σιώ,
918 1696 1072 1784 Κορινθία
1094 1696 1122 1763 δ’
1140 1696 1190 1762 αἶ).
1215 1696 1315 1762 schol.

133 1802 203 1869 aret
227 1812 279 1869 rob
304 1804 422 1890 ἀγαθή.
1364 1802 1368 1811 ’

250 1907 330 1973 ibid.
350 1909 446 1973 1107.
470 1908 549 1978 οἰίπα
572 1910 687 1992 γυναῖκ’
712 1913 823 1977 ὄπωπα
836 1919 1029 1998 Ιχαῖυυτὲραν.
1062 1909 1161 1974 schol.
1186 1909 1316 1995 ἀγαθω-

137 2021 244 2099 τὲραν.
269 2014 310 2077 cf.
326 2013 546 2088 Venicekium
569 2037 601 2101 p.
619 2014 705 2081 378:
730 2041 827 2104 χα-πο
850 2020 974 2105 yar-io
998 2017 1053 2102 (cf.
1078 2022 1311 2107 φίλος-φίλιος).

137 2145 303 2209 χα-ο-υος
326 2146 426 2209 χαυος.

142 2254 144 2259 ·
248 2225 331 2292 Cum
355 2227 544 2314 Supplicum
569 2230 783 2309 versusbth,
808 2229 920 2314 quiin
945 2227 1081 2313 stropha
1112 2230 1223 2296 versui
1247 2229 1313 2295 870

143 2332 342 2419 respondeat
364 2356 497 2399 necesse
521 2343 579 2418 est,
603 2334 692 2400 haud
715 2356 853 2419 parvam
879 2335 1088 2402 offensionem
1106 2334 1236 2419 babeat,
1262 2336 1317 2400 de·
1372 2401 1376 2410 ,

134 2465 273 2507 cernere
299 2443 479 2527 nequimus,
504 2454 612 2509 utrum
635 2450 812 2534 βαθυχαῖος
837 2467 878 2509 an
902 2450 1078 2534 βαθυχαῖος
1104 2445 1316 2510 scribendum

132 2549 190 2613 ait.
237 2547 303 2612 Sed
327 2549 554 2635 Aristophanis
579 2551 730 2636 exempla
753 2551 891 2616 intuenti
914 2552 1019 2616 forma
1035 2559 1211 2642 βαθυχαῖος
1235 2553 1330 2618 mihi·

136 2655 345 2721 verisimilior
368 2670 425 2724 ost.

352 2766 386 2846 2)
410 2768 799 2844 δυσοδοπαίπαλος
824 2770 873 2852 (x)
897 2767 935 2833 Ε.
961 2768 1035 2834 390.

130 2868 237 2935 schol.
266 2874 486 2958 &occupatiore
520 2871 573 2941 καὶ
594 2882 722 2962 τραχέα.
769 2878 897 2950 δὺοοδος
922 2873 1070 2961 Thucyd.
1096 2876 1113 2938 I
1138 2876 1209 2940 107.
1233 2875 1314 2943 Poll.

138 2973 194 3038 III
218 2976 271 3058 96,
294 2981 448 3053 παίπαλος
473 2976 600 3043 Gallim.
625 2977 748 3065 Hymn.
772 2979 806 3042 in
830 2979 972 3043 Dianam
997 3001 1029 3044 r.
1055 2981 1118 3045 194
1142 2979 1271 3063 legitur.

351 3083 385 3163 3)
410 3084 650 3170 ὀρθοδίκαυος
674 3085 722 3169 (x)
746 3084 784 3149 Ε.
809 3086 885 3151 995.

350 3194 384 3270 4)
408 3195 632 3279 παναλαθής
656 3189 689 3257 S.
716 3191 768 3257 88.

350 3296 386 3380 ὁ)
409 3301 617 3372 παυάθλιος
642 3296 701 3363 Oh.
726 3298 802 3363 427.
826 3299 901 3365 691.

351 3403 384 3483 0)
408 3409 610 3479 παναίτιος.
635 3404 676 3467 Α.
703 3404 799 3468 1487.
823 3403 897 3485 (Ch.
923 3407 1011 3483 909.)
1035 3405 1073 3470 Ε.
1098 3406 1174 3470 200.

243 3504 302 3573 Oh.
321 3510 385 3573 909
410 3507 681 3595 Clytaemnestra,
705 3518 741 3575 ut
761 3532 797 3576 se
813 3512 1069 3595 Agamemnonis
1087 3512 1197 3576 caedis
1215 3511 1312 3598 culpa

138 3624 261 3696 purget
284 3611 407 3697 filiique
432 3615 562 3677 veniam
586 3615 746 3703 impetret,
772 3618 927 3683 affirmat:

373 3720 393 3809 ἡ
417 3720 521 3808 Μοῖρα
543 3728 665 3801 τουτων,
690 3724 715 3789 ὦ
738 3732 854 3801 τέκνον,
878 3732 1065 3810 παραιτία.
1346 3802 1351 3817 ι

245 3825 453 3890 Adiectivum
486 3836 656 3916 παραίτιος,
696 3852 770 3893 cum
806 3830 894 3915 apud
931 3831 1105 3914 scriptores
1145 3831 1312 3917 pedestres
1400 3835 1404 3839 “

130 3930 351 4016 posteriorum
374 3940 500 3997 tantum
524 3944 706 4020 temporum
730 3936 860 4020 legatur
884 3948 915 4000 et
948 3938 1064 4026 tsocius
1088 3939 1176 4003 facti’
1213 3939 1312 4023 signi·

134 4038 211 4099 ficet
235 4076 277 4085 —-
303 4059 400 4122 quarn
435 4041 599 4105 notionem
630 4043 663 4106 in
690 4043 797 4108 locum
820 4044 1039 4131 Aeschyleum
1070 4045 1201 4109 minime
1235 4068 1313 4132 qua·

132 4141 236 4206 ‹lrare
261 4143 293 4207 in
318 4146 490 4230 propatulo
508 4156 565 4231 est,
590 4149 744 4234 quoniam
761 4149 1023 4237 Clytaemnestra
1039 4173 1165 4216 onmem
1182 4152 1313 4238 culpam

134 4248 220 4314 Fato
245 4249 389 4314 tribuere
414 4252 483 4317 vult
509 4293 560 4337 -,
584 4254 720 4318 Bothius
744 4256 864 4340 optime
888 4258 919 4320 in
944 4268 1134 4336 παναίτιος
1160 4263 1312 4327 correxit.

247 4356 340 4421 Idem
365 4358 479 4423 vitium
504 4361 735 4445 corrigendum
760 4384 829 4426 esse
859 4385 975 4428 censeo
1000 4365 1119 4430 Aesch.
1149 4367 1233 4450 frag.
1258 4369 1312 4451 43,

132 4461 225 4546 quod
253 4464 296 4529 ab
322 4465 490 4530 Athenaeo
516 4467 602 4530 XIII
633 4491 664 4553 p.
690 4470 756 4534 000
783 4470 814 4532 A
843 4469 888 4533 ita
912 4470 1068 4536 traditum
1096 4483 1162 4537 est:
1203 4479 1312 4557 (rain
