3100 4875
794 225 836 293 14

229 424 311 497 ξενος
335 418 545 484 scribendum
568 443 649 485 esse.
696 419 856 486 Omnibus
880 421 965 484 enim
995 420 1084 502 loeis,
1120 421 1239 506 quibus
1274 430 1402 505 composs

229 527 326 590 situm
350 526 478 612 legitur,
515 549 625 592 omnes
650 527 781 620 codices
805 555 822 594 o
845 527 1015 612 praebent,
1050 551 1114 592 uno
1151 527 1222 592 loco
1248 537 1403 612 excepto.

229 634 343 718 Eurip.
367 634 525 700 Androm.
551 636 616 702 979
646 636 732 698 enim
767 635 800 698 iu
834 635 947 700 codiee
972 634 1120 699 Palatino
1152 635 1215 699 287
1252 638 1402 721 δορίξενος

230 740 405 805 inuenitur.
453 744 497 805 At
519 741 595 805 huic
618 742 700 807 libro
726 765 842 827 parum
866 742 1071 807 auctoritatis
1095 752 1152 807 est.
1237 771 1240 774 ·

445 850 479 929 6)
502 850 767 937 ἰατρόμαντις
792 851 941 914 Anum.
966 849 1004 914 Ε.
1029 851 1082 913 62.
1108 848 1140 913 S.
1166 850 1241 915 269.

338 953 433 1020 ltu?
456 955 489 1018 in
514 956 691 1039 composito
716 956 904 1040 posterioris
928 955 1065 1018 membri
1089 955 1175 1020 notio
1201 954 1298 1018 valde
1314 954 1405 1019 debi-

231 1060 324 1123 litata
348 1069 405 1125 est.
460 1141 465 1148 ι

338 1165 422 1230 Nam
447 1167 488 1231 de
511 1166 664 1252 Apolline
688 1168 825 1235 dicitur:

444 1276 637 1362 ἰατρόμαντις
661 1275 687 1340 δ’
713 1276 774 1342 ἐστὶ
798 1283 850 1343 καὶ
874 1286 1061 1362 τερασκόπος

445 1390 497 1450 καὶ
520 1397 611 1450 τοῖοιν
636 1385 745 1458 ἄλλοις
769 1387 917 1471 δωμάτων
940 1389 1123 1468 καθάρσιος.

340 1487 438 1568 Quod
461 1489 527 1552 iam
551 1488 720 1573 compositi
744 1499 838 1573 parte
855 1489 1032 1574 posteriore
1056 1488 1249 1570 continetur,
1275 1509 1405 1571 separa·

232 1591 290 1655 tim
314 1616 442 1679 quoque
470 1593 631 1665 vocabulo
664 1606 851 1681 τεραοκόπος
881 1595 1094 1681 exprimitur3
1133 1616 1196 1680 quo
1225 1592 1407 1656 membrum

233 1740 278 1749 —-
301 1726 406 1788 μαντις
430 1701 498 1765 fere
517 1701 645 1768 ⁴nullum
669 1703 737 1764 vim
760 1702 881 1766 habere
905 1705 984 1767 satis
1009 1712 1157 1786 apparet.

341 1807 382 1900 cf.
414 1807 536 1873 schol:
576 1810 662 1888 ὤοτε,
693 1793 730 1874 εἰΙ
747 1815 922 1895 νθεραπείας
954 1818 1055 1896 χρεία,
1078 1803 1183 1894 ἱατρός
1206 1809 1294 1885 ἐστιν,
1327 1810 1404 1873 εἴτε

236 1899 390 2001 μαντείας,
415 1926 613 2002 τερασκόπος,
642 1919 721 1983 εἴτε
745 1923 930 2002 καθαρμῶν,
954 1922 1137 2002 καθάρσιος.

341 2022 373 2088 S.
399 2026 478 2089 269:

442 2130 537 2207 Ἀπις
561 2137 618 2217 γὰρ
642 2133 746 2200 ἐλθὼν
769 2134 902 2219 ἐκπέρας
927 2132 1128 2206 Ναοπακτίας

446 2238 640 2325 ἰατρόμαντις
664 2253 734 2313 παῖς
760 2238 969 2312 Ἀπόλλωνος.

341 2342 406 2407 Hic
430 2366 558 2428 quoque
583 2344 763 2408 membrum
788 2344 878 2428 prius
903 2342 1001 2407 valde
1034 2343 1296 2428 praeponderat,
1332 2362 1408 2405 nam

236 2451 316 2534 Apis
339 2451 471 2535 proprie
499 2449 645 2516 medicus
670 2462 728 2516 est.
760 2452 827 2517 vid.
862 2478 892 2518 v.
918 2453 993 2516 267.
1039 2452 1194 2515 Attamen
1228 2449 1409 2513 membrum

235 2558 395 2642 posterius
420 2558 485 2622 vim
510 2580 603 2623 suam
626 2581 691 2623 non
715 2558 811 2644 plane
835 2559 952 2624 amisit.
999 2558 1067 2622 Illis
1092 2558 1177 2621 enim
1208 2554 1411 2641 temporibus
1460 2578 1463 2585 ’

235 2664 352 2729 medici
391 2664 537 2729 divinum
569 2666 734 2751 quoddam
765 2666 944 2747 habebant,
974 2665 1085 2750 aliqua
1121 2688 1162 2727 ex
1193 2673 1285 2748 parte
1317 2674 1409 2726 vates

236 2782 339 2837 erunt.
365 2772 405 2837 cf.
431 2772 520 2838 Eust.
545 2796 577 2857 p.
602 2772 645 2836 48
658 2803 684 2840 οι
700 2795 790 2857 sqq.:
817 2781 891 2863 μασι
915 2780 968 2839 καὶ
992 2774 1036 2838 ὅτι
1053 2781 1140 2860 κοινή
1162 2778 1226 2846 πώς
1243 2772 1304 2837 ἐστι
1316 2779 1411 2858 τέχνη

234 2882 356 2969 ἰατρικὴ
380 2888 433 2947 καὶ
457 2889 596 2968 μαντική.
622 2881 812 2968 Μελάμπους
837 2879 888 2947 οὖν
911 2887 964 2947 καὶ
980 2881 1147 2955 Πολόειδος
1172 2881 1337 2968 ἀμφότεροι
1362 2877 1409 2942 ἐπ’

236 2990 347 3077 ἀμφοῖν
371 2989 484 3062 ἔνδοξοι
508 2988 669 3079 ἐγένοντο.Ι
698 2994 751 3055 καὶ
774 2988 934 3075 Alosum
959 2991 992 3052 δέ
1014 3011 1072 3054 ποι)
1096 2995 1145 3054 τόν
1168 2987 1271 3073 ἰατρόν
1304 2992 1411 3072 μάντιν

236 3098 387 3184 ὀνομάζει.

343 3203 526 3288 Asclepius,
557 3204 699 3268 omnium
723 3203 924 3267 medicorum
947 3224 1066 3287 parens
1082 3208 1116 3282 1),
1142 3198 1313 3284 Apollinis,
1339 3219 1412 3261 ora-

237 3310 382 3375 culorum
407 3310 470 3387 dei,
494 3310 578 3374 lilius
596 3319 666 3375 erat
690 3310 792 3398 (hym.
809 3310 905 3375 Hom.
926 3312 988 3398 m).
1023 3308 1207 3372 Medicinae
1224 3304 1413 3391 primordiis

237 3417 529 3505 vulnerationem
558 3421 769 3484 sanabantur.
816 3418 953 3502 Aegroti
987 3419 1018 3480 in
1054 3413 1291 3499 Asclepiadem,
1325 3433 1412 3497 quae

239 3537 269 3587 et
293 3523 416 3609 templa
446 3535 478 3588 et
507 3526 693 3589 nosocomia
723 3535 826 3609 eraut,
856 3523 1090 3605 dormitabant,
1121 3531 1157 3586 ut
1192 3521 1271 3584 deus
1305 3517 1414 3583 morbi

237 3630 416 3696 remedium
442 3633 574 3696 somniis
599 3634 752 3716 aperiret.
801 3633 841 3698 cf.
867 3629 1031 3716 Aristopb.
1056 3629 1140 3694 Plut.
1166 3652 1197 3691 v.
1223 3626 1413 3690 unt-747.

343 3738 396 3803 Ite
419 3761 548 3824 semper
572 3763 645 3804 cum
669 3739 833 3804 medicina
856 3761 909 3802 ars
933 3736 1090 3801 vaticinia
1122 3734 1295 3797 coniuncta
1329 3739 1412 3794 erat.

238 3846 279 3911 cf.
305 3845 552 3911 Haeserum
578 3846 786 3934 ,Gesehichte
810 3845 868 3909 der
892 3842 1043 3906 lledizin’
1071 3841 1156 3905 1853
1179 3840 1195 3903 I
1219 3861 1250 3923 p.
1277 3840 1311 3909 l:
1347 3835 1415 3920 ,So

237 3953 320 4037 folgt
343 3953 402 4017 der
425 3952 525 4017 ruben
550 3952 694 4039 Empirie
718 3951 793 4017 sehr
815 3950 895 4015 bald
920 3950 992 4013 eine
1015 3948 1152 4032 gewisse
1176 3945 1334 4027 Theorie3
1358 3967 1415 4009 zu-

239 4070 304 4124 erst
337 4060 511 4146 diejenige,
551 4060 672 4125 welche
704 4058 931 4124 Kraulrheiten
966 4079 1042 4121 vom
1070 4055 1176 4119 Zorne
1209 4053 1268 4117 der
1298 4052 1417 4117 Gotter

348 4226 369 4289 ¹)
390 4225 427 4276 ct'.
446 4223 521 4277 Plut.
542 4222 642 4291 Symp.
662 4240 689 4292 p.
710 4222 761 4275 168
781 4222 814 4290 Ε,
841 4222 891 4274 ubi
912 4221 1133 4289 Eryxiumchus
1159 4218 1295 4271 modicus
1324 4215 1416 4267 dicit:

239 4312 252 4362 ό
272 4312 392 4384 ιᾗμὲτερος
410 4311 530 4382 πρόγονος
549 4311 714 4384 Ἀσκληπιός,
734 4310 769 4372 ὥς
789 4329 862 4380 μασιν
880 4308 930 4361 οἵδε
949 4307 971 4360 οἱ
989 4309 1091 4380 ποιηταὶ
1109 4307 1152 4358 καὶ
1171 4307 1220 4377 ἐγὼ
1238 4304 1366 4373 πείθομαι,
