3100 4875
27 353 71 476 ‘j'
141 383 212 456 πᾶμ
230 376 359 457 μάταιον
375 369 523 450 mutavit,
549 378 646 451 recte,
671 378 706 433 ut
722 369 800 432 mihi
816 369 947 455 quidem
965 370 1104 436 videtur.
1151 371 1191 436 cf.
1209 372 1320 460 Meye-

19 449 29 626 )
141 497 216 540 rum
239 497 290 559 gr.
316 474 373 541 Gr.
398 475 421 562 ξ
446 477 520 541 273.

19 629 25 728 p
362 585 415 660 10)
439 592 694 670 παντόσεμνος.
720 586 769 670 (x)
794 582 832 647 Ε.
857 586 932 649 640.

251 688 449 774 Composita,
474 711 559 775 quae
582 715 676 757 παντο
699 712 758 775 pro
780 708 841 758 ’παν
865 689 1033 776 praebent,
1057 692 1194 755 sortasse
1219 689 1318 775 pluri·

18 731 21 844 l
144 818 272 860 morum
296 793 423 859 illorum
448 797 699 880 compositorum
723 795 877 881 analogia
900 797 1099 883 explicanda
1122 806 1206 878 suut,
1235 819 1318 882 quae

142 903 179 965 in
202 901 415 966 commissura
438 902 584 966 vocalem
621 902 795 970 ohabent.
841 904 1018 968 Praeterea
1050 903 1112 967 hac
1135 904 1240 966 forma
1264 926 1317 986 op·
1404 987 1408 992 ἱ

141 1010 222 1072 time
258 1008 510 1091 demonstratur,
547 1035 606 1077 παν
639 1008 672 1073 in
705 1011 891 1095 compositis
926 1021 962 1074 ut
995 1011 1134 1075 formam
1168 1010 1313 1074 neutrius

140 1115 275 1199 generis
293 1114 449 1180 adiectivi
461 1130 531 1193 πᾶς,
544 1138 609 1180 non
625 1126 660 1180 ut
672 1139 796 1181 merum
814 1116 1009 1181 adverbium
1026 1115 1222 1180 intellectum
1236 1138 1317 1181 esse.

361 1224 414 1308 11)
438 1230 622 1314 astemoe
647 1223 681 1289 ὃ.
706 1225 782 1289 322.

250 1328 442 1393 Dindorlius
459 1330 491 1392 in
509 1329 676 1394 Thesauro
694 1353 719 1396 s,
738 1353 769 1396 v,
786 1339 941 1420 πάνοοφος
958 1329 1019 1394 hoc
1035 1330 1179 1415 profert:
1206 1328 1318 1415 „Haec

142 1438 250 1502 forma
274 1435 365 1500 libris
390 1436 666 1501 consentientibus
691 1437 812 1521 legitur
834 1439 868 1500 in
893 1437 972 1500 locis
1001 1436 1202 1520 tragicorum
1232 1436 1318 1499 infra

141 1543 329 1609 indicandis
362 1553 394 1606 et
428 1543 516 1628 apud
542 1542 621 1608 alios
653 1544 828 1629 scriptores
863 1544 1004 1629 quosvis.
1053 1543 1181 1607 Platoni
1215 1541 1318 1606 altera

145 1650 307 1735 scriptura
323 1659 483 1741 πάσσοφος
501 1650 579 1714 locis
595 1672 660 1714 nou
684 1651 797 1735 paucis
815 1674 857 1713 ex
874 1650 1042 1716 codicibus
1067 1660 1099 1715 et
1115 1648 1262 1735 plurimis
1287 1659 1317 1712 et

143 1756 276 1840 optimis
293 1766 341 1820 est
356 1755 537 1821 restituta.“
571 1783 613 1824 νο
637 1756 669 1818 in
686 1755 823 1820 vocibus
839 1755 1041 1841 simplicibus
1056 1756 1177 1821 ultimis
1193 1766 1319 1819 tantum

138 1861 340 1943 Graecitatis
365 1862 565 1948 temporibus
597 1862 663 1945 legi
691 1902 723 1912 -
753 1884 881 1948 semper
913 1863 974 1927 fuit
1008 1863 1039 1926 in
1076 1861 1215 1927 dialecto
1240 1861 1338 1928 Cre·

140 1970 209 2033 tica
225 2009 277 2052 —‚
293 1970 325 2033 in
343 1970 593 2054 compositorum
619 1979 729 2034 autem
750 1970 962 2034 commissura
984 1992 1049 2033 non
1073 1968 1195 2033 habero
1217 1967 1317 2034 ullam

138 2076 351 2140 offensionem
375 2115 418 2125 -
442 2085 519 2162 puto
544 2076 585 2141 ob
611 2076 655 2160 id,
691 2077 779 2162 quod
804 2076 942 2141 duarum
966 2076 1108 2161 partium
1133 2074 1316 2139 coniunctio

138 2181 248 2246 laxior
271 2193 318 2247 est
340 2224 394 2266 —,
420 2181 461 2252 G.
485 2176 639 2270 Meyerus
662 2204 712 2275 gr.
739 2182 858 2249 Graec.
884 2185 907 2272 ξ
931 2185 996 2249 273
1021 2182 1125 2247 docet.
1138 2188 1162 2263 1)

280 2366 283 2372 μ
356 2292 411 2373 12)
435 2293 631 2366 πολὺξενος
656 2288 689 2356 S.
717 2291 790 2356 163.
1176 2345 1178 2348 .

251 2397 292 2461 of.
317 2403 503 2485 πολὺπικρος
527 2395 590 2462 Od.
607 2396 690 2461 XVI
703 2398 779 2463 255.
826 2403 1059 2474 πολοπαὶπαλος
1077 2395 1140 2463 Od.
1158 2395 1224 2460 XV
1239 2398 1314 2462 419.

144 2508 303 2591 rotoma
328 2502 392 2571 Od.
416 2503 482 2569 XV
506 2508 581 2573 459.
627 2510 854 2582 πολυδαίδαλος
878 2505 916 2571 Il.
941 2505 992 2568 lll
1017 2506 1090 2576 358.

251 2609 289 2674 B.
350 2610 533 2675 Membrum
557 2613 716 2697 posterius
740 2613 950 2698 participium
974 2621 1031 2677 est.

357 2719 410 2798 13)
435 2726 610 2809 ζώφυτος
635 2719 667 2788 S.
681 2721 756 2787 869.
781 2724 856 2808 αἷμα
873 2727 1016 2811 ζώφυτον.
1040 2719 1136 2785 Notio
1161 2729 1208 2784 est
1229 2730 1315 2785 trau·

137 2821 252 2887 sitive.
298 2823 438 2886 Aurem
462 2826 503 2891 cf.
528 2825 627 2892 sclrol.
653 2830 847 2914 ἀρρενογόνον
871 2834 928 2915 γὰρ
953 2835 986 2895 τὸ
1010 2826 1090 2914 ὕδωρ
1113 2839 1165 2895 τοῦ
1190 2829 1315 2913 Νείλου,

136 2930 239 3008 „tua
262 2929 336 3005 Ζεὺς
361 2938 435 2997 πιὼν
459 2933 715 3020 ἔτιπτενἊρεα.“
763 2934 871 2999 Strab.
889 2933 955 2997 XV
979 2957 1010 3019 p.
1028 2936 1107 3000 695:
1131 2943 1185 3002 unt
1201 2936 1313 3001 Νεῖλον

142 3037 171 3101 δ’
197 3037 270 3102 εἶναι
294 3045 414 3124 γόνιμον
439 3044 557 3125 μᾶλλον
580 3042 690 3128 ἑτέρων
712 3049 765 3110 καὶ
790 3047 969 3132 μεγαλοφοή
1001 3056 1104 3125 γεννᾶν
1136 3049 1189 3108 καὶ
1212 3041 1314 3107 τᾶλλα

142 3149 197 3210 καὶ
219 3149 258 3209 τὰ
281 3146 421 3234 ἀμφίβια.
468 3154 523 3224 τάς
546 3175 577 3214 τε
600 3162 745 3233 γυναῖκας
769 3148 838 3216 ἔσθ’
864 3150 912 3216 ὅτε
936 3155 988 3216 καὶ
1011 3150 1184 3237 τετράδνμα
1207 3155 1314 3217 τίκτειν

137 3255 197 3325 τὰς
214 3249 391 3333 Αἰγυπτίας.
441 3252 567 3319 Aelian.
593 3256 633 3319 de
658 3255 757 3321 anim.
782 3255 892 3319 11133
916 3254 980 3341 (ed.
1007 3253 1170 3337 Jacobsp
1195 3260 1314 3338 λέγεται

133 3358 173 3421 ’δὲ
200 3358 296 3434 αἴτιος
320 3358 336 3424 ὁ
361 3359 475 3437 Νεῖλος
498 3363 573 3429 εἶναι
597 3361 805 3431 εὐτεννόταπον
828 3371 974 3451 παρέχων
997 3371 1030 3430 τὸ
1056 3361 1146 3450 ὕδωρ.

356 3467 411 3550 14)
434 3479 689 3558 concorporet
713 3473 763 3556 (x)
789 3473 828 3536 A.
853 3471 929 3534 out.

355 3574 409 3659 15)
434 3582 645 3658 νεάγγελτος
671 3575 730 3643 Ch.
757 3579 831 3642 732.

354 3681 407 3760 16)
431 3690 617 3769 νεαίρετος
642 3687 681 3752 Α.
709 3685 804 3749 1047.
831 3686 926 3750 1049.

354 3789 408 3870 17)
432 3793 646 3878 νεόδρεπτος
671 3791 703 3857 S.
729 3794 804 3858 336.

354 3893 408 3973 18)
431 3906 624 3984 νεόρροτος
648 3900 699 3982 (x)
723 3900 764 3964 A.
792 3900 886 3964 1350.

354 4003 407 4083 19)
432 4003 648 4093 ὀξνμήνιτος
672 4004 710 4070 Ε.
734 4007 811 4071 475.

140 4124 354 4136 ——.-...-..

244 4162 264 4226 1)
283 4177 333 4214 παν
352 4163 595 4220 interiectionum
614 4181 736 4236 quoque
757 4170 818 4221 vim
833 4184 959 4239 augere,
980 4170 1204 4224 demonstratur
1223 4186 1312 4225 voea-

132 4247 206 4304 bulo
225 4248 383 4319 πανοίμοι
402 4252 455 4308 Ch.
473 4253 535 4308 874.

12 4576 271 4815 11ῌ
333 4812 368 4815 „
