<?xml version="1.0" encoding="UTF-8"?>
<!DOCTYPE html PUBLIC "-//W3C//DTD XHTML 1.0 Transitional//EN"
    "http://www.w3.org/TR/xhtml1/DTD/xhtml1-transitional.dtd">
<html xmlns="http://www.w3.org/1999/xhtml" xml:lang="en" lang="en">
 <head>
  <title>
</title>
<meta http-equiv="Content-Type" content="text/html;charset=utf-8" />
  <meta name='ocr-system' content='tesseract 3.04.00' />
  <meta name='ocr-capabilities' content='ocr_page ocr_carea ocr_par ocr_line ocrx_word'/>
</head>
<body>
  <div class='ocr_page' id='page_1' title='image "./decompositisaes01genngoog_0010.png"; bbox 0 0 3100 4875; ppageno 0'>
   <div class='ocr_carea' id='block_1_1' title="bbox 245 455 1436 845">
    <p class='ocr_par' dir='ltr' id='par_1_1' title="bbox 245 455 1436 845">
     <span class='ocr_line' id='line_1_1' title="bbox 352 455 1429 547; baseline -0.009 -22"><span class='ocrx_word' id='word_1_1' title='bbox 352 459 614 545; x_wconf 82' lang='lat' dir='ltr'>Appellationem</span> <span class='ocrx_word' id='word_1_2' title='bbox 638 455 827 547; x_wconf 38' lang='lat' dir='ltr'>‘immutata&#39;</span> <span class='ocrx_word' id='word_1_3' title='bbox 855 463 925 526; x_wconf 87' lang='lat' dir='ltr'>iam</span> <span class='ocrx_word' id='word_1_4' title='bbox 954 462 1307 528; x_wconf 86' lang='lat' dir='ltr'>Delbrueckius</span> <span class='ocrx_word' id='word_1_5' title='bbox 1347 455 1429 517; x_wconf 87' lang='lat' dir='ltr'>vitu-</span> 
     </span>
     <span class='ocr_line' id='line_1_2' title="bbox 245 557 1436 655; baseline -0.003 -23"><span class='ocrx_word' id='word_1_6' title='bbox 245 567 375 653; x_wconf 89' lang='lat' dir='ltr'>peravit</span> <span class='ocrx_word' id='word_1_7' title='bbox 397 568 432 630; x_wconf 93' lang='lat' dir='ltr'>in</span> <span class='ocrx_word' id='word_1_8' title='bbox 455 567 538 630; x_wconf 87' lang='lat' dir='ltr'>actis</span> <span class='ocrx_word' id='word_1_9' title='bbox 562 566 657 633; x_wconf 88' lang='lat' dir='ltr'>litter.</span> <span class='ocrx_word' id='word_1_10' title='bbox 705 567 838 633; x_wconf 85' lang='lat' dir='ltr'>Jencns.</span> <span class='ocrx_word' id='word_1_11' title='bbox 873 569 956 633; x_wconf 74' lang='lat'>1874</span> <span class='ocrx_word' id='word_1_12' title='bbox 987 593 1019 655; x_wconf 89' lang='lat' dir='ltr'>p.</span> <span class='ocrx_word' id='word_1_13' title='bbox 1045 569 1108 635; x_wconf 80' lang='grc'>882</span> <span class='ocrx_word' id='word_1_14' title='bbox 1136 570 1200 651; x_wconf 77' lang='lat' dir='ltr'>„da</span> <span class='ocrx_word' id='word_1_15' title='bbox 1233 567 1334 655; x_wconf 83' lang='lat' dir='ltr'>jeder</span> <span class='ocrx_word' id='word_1_16' title='bbox 1371 557 1436 624; x_wconf 85' lang='lat' dir='ltr'>auf</span> 
     </span>
     <span class='ocr_line' id='line_1_3' title="bbox 246 665 1428 763; baseline -0.008 -26"><span class='ocrx_word' id='word_1_17' title='bbox 246 674 311 738; x_wconf 92' lang='lat' dir='ltr'>den</span> <span class='ocrx_word' id='word_1_18' title='bbox 335 682 441 738; x_wconf 87' lang='lat' dir='ltr'>ersten</span> <span class='ocrx_word' id='word_1_19' title='bbox 458 672 556 737; x_wconf 85' lang='lat' dir='ltr'>Bliek</span> <span class='ocrx_word' id='word_1_20' title='bbox 579 674 750 738; x_wconf 89' lang='lat' dir='ltr'>immutata</span> <span class='ocrx_word' id='word_1_21' title='bbox 769 665 831 737; x_wconf 72' lang='lat' dir='ltr'>vmit</span> <span class='ocrx_word' id='word_1_22' title='bbox 857 676 1053 763; x_wconf 48' lang='lat' dir='ltr'>‘t&#39;cratndert&#39;</span> <span class='ocrx_word' id='word_1_23' title='bbox 1078 677 1146 740; x_wconf 88' lang='lat' dir='ltr'>und</span> <span class='ocrx_word' id='word_1_24' title='bbox 1171 677 1261 741; x_wconf 91' lang='lat' dir='ltr'>nicht</span> <span class='ocrx_word' id='word_1_25' title='bbox 1278 671 1338 737; x_wconf 86' lang='lat' dir='ltr'>mit</span> <span class='ocrx_word' id='word_1_26' title='bbox 1357 688 1428 756; x_wconf 44' lang='lat' dir='ltr'>‘un-</span> 
     </span>
     <span class='ocr_line' id='line_1_4' title="bbox 246 779 785 845; baseline 0.004 -3"><span class='ocrx_word' id='word_1_27' title='bbox 246 779 433 845; x_wconf 76' lang='lat' dir='ltr'>verandert’</span> <span class='ocrx_word' id='word_1_28' title='bbox 456 779 647 845; x_wconf 73' lang='lat' dir='ltr'>ubersetzen</span> <span class='ocrx_word' id='word_1_29' title='bbox 672 780 785 845; x_wconf 80' lang='lat' dir='ltr'>wird.“</span> 
     </span>
    </p>
   </div>
   <div class='ocr_carea' id='block_1_2' title="bbox 243 908 1427 1637">
    <p class='ocr_par' dir='ltr' id='par_1_2' title="bbox 244 908 1427 1213">
     <span class='ocr_line' id='line_1_5' title="bbox 354 908 1427 1000; baseline -0.008 -25"><span class='ocrx_word' id='word_1_30' title='bbox 354 912 438 1000; x_wconf 43' lang='lat' dir='ltr'>‘Non</span> <span class='ocrx_word' id='word_1_31' title='bbox 461 913 595 976; x_wconf 85' lang='lat' dir='ltr'>mutata’</span> <span class='ocrx_word' id='word_1_32' title='bbox 620 913 818 978; x_wconf 87' lang='lat' dir='ltr'>Franciscus</span> <span class='ocrx_word' id='word_1_33' title='bbox 837 913 1109 980; x_wconf 88' lang='lat' dir='ltr'>Skutschius</span> <span class='ocrx_word' id='word_1_34' title='bbox 1133 916 1165 978; x_wconf 88' lang='lat' dir='ltr'>in</span> <span class='ocrx_word' id='word_1_35' title='bbox 1191 908 1427 980; x_wconf 82' lang='lat' dir='ltr'>dissertatione</span> 
     </span>
     <span class='ocr_line' id='line_1_6' title="bbox 244 1017 1425 1108; baseline -0.008 -26"><span class='ocrx_word' id='word_1_36' title='bbox 244 1018 433 1102; x_wconf 79' lang='lat' dir='ltr'>inaugurali</span> <span class='ocrx_word' id='word_1_37' title='bbox 466 1018 518 1107; x_wconf 43' lang='lat' dir='ltr'>‘de</span> <span class='ocrx_word' id='word_1_38' title='bbox 541 1020 707 1084; x_wconf 87' lang='lat' dir='ltr'>nominum</span> <span class='ocrx_word' id='word_1_39' title='bbox 731 1020 924 1085; x_wconf 88' lang='lat' dir='ltr'>Latinorum</span> <span class='ocrx_word' id='word_1_40' title='bbox 953 1023 1186 1106; x_wconf 78' lang='lat' dir='ltr'>compositione</span> <span class='ocrx_word' id='word_1_41' title='bbox 1210 1017 1425 1108; x_wconf 83' lang='lat' dir='ltr'>quaestiones</span> 
     </span>
     <span class='ocr_line' id='line_1_7' title="bbox 246 1123 1403 1213; baseline -0.003 -24"><span class='ocrx_word' id='word_1_42' title='bbox 246 1125 396 1190; x_wconf 73' lang='lat' dir='ltr'>selectae’</span> <span class='ocrx_word' id='word_1_43' title='bbox 412 1125 548 1190; x_wconf 91' lang='lat' dir='ltr'>Bonnae</span> <span class='ocrx_word' id='word_1_44' title='bbox 570 1125 654 1191; x_wconf 87' lang='grc'><strong>1888</strong></span> <span class='ocrx_word' id='word_1_45' title='bbox 678 1148 710 1211; x_wconf 87' lang='lat' dir='ltr'>p.</span> <span class='ocrx_word' id='word_1_46' title='bbox 737 1127 755 1190; x_wconf 77' lang='grc'><strong>7</strong></span> <span class='ocrx_word' id='word_1_47' title='bbox 779 1126 958 1211; x_wconf 86' lang='lat' dir='ltr'>proposuit,</span> <span class='ocrx_word' id='word_1_48' title='bbox 983 1127 1071 1212; x_wconf 91' lang='lat' dir='ltr'>quod</span> <span class='ocrx_word' id='word_1_49' title='bbox 1095 1128 1172 1190; x_wconf 89' lang='lat' dir='ltr'>mihi</span> <span class='ocrx_word' id='word_1_50' title='bbox 1189 1128 1361 1213; x_wconf 66' lang='lat' dir='ltr'>probatur·</span> <span class='ocrx_word' id='word_1_51' title='bbox 1376 1123 1403 1202; x_wconf 87' lang='lat'>¹)</span> 
     </span>
    </p>

    <p class='ocr_par' dir='ltr' id='par_1_3' title="bbox 246 1214 1425 1404">
     <span class='ocr_line' id='line_1_8' title="bbox 352 1214 1425 1317; baseline -0.009 -22"><span class='ocrx_word' id='word_1_52' title='bbox 352 1232 389 1297; x_wconf 90' lang='lat' dir='ltr'>B.</span> <span class='ocrx_word' id='word_1_53' title='bbox 415 1232 530 1317; x_wconf 79' lang='lat' dir='ltr'>Oomp.</span> <span class='ocrx_word' id='word_1_54' title='bbox 543 1242 678 1297; x_wconf 88' lang='lat' dir='ltr'>mutata.</span> <span class='ocrx_word' id='word_1_55' title='bbox 705 1214 801 1313; x_wconf 79' lang='lat' dir='ltr'>Quod</span> <span class='ocrx_word' id='word_1_56' title='bbox 816 1243 885 1297; x_wconf 88' lang='lat' dir='ltr'>crat</span> <span class='ocrx_word' id='word_1_57' title='bbox 900 1232 1151 1317; x_wconf 79' lang='lat' dir='ltr'>substantivum,</span> <span class='ocrx_word' id='word_1_58' title='bbox 1168 1235 1317 1317; x_wconf 86' lang='lat' dir='ltr'>fungitur</span> <span class='ocrx_word' id='word_1_59' title='bbox 1334 1244 1425 1292; x_wconf 90' lang='lat' dir='ltr'>nunc</span> 
     </span>
     <span class='ocr_line' id='line_1_9' title="bbox 246 1338 573 1404; baseline 0.003 -2"><span class='ocrx_word' id='word_1_60' title='bbox 246 1338 405 1404; x_wconf 86' lang='lat' dir='ltr'>adiectivi</span> <span class='ocrx_word' id='word_1_61' title='bbox 428 1360 573 1404; x_wconf 89' lang='lat' dir='ltr'>munere.</span> 
     </span>
    </p>

    <p class='ocr_par' dir='ltr' id='par_1_4' title="bbox 243 1443 1424 1637">
     <span class='ocr_line' id='line_1_10' title="bbox 354 1443 1424 1532; baseline -0.004 -24"><span class='ocrx_word' id='word_1_62' title='bbox 354 1444 392 1508; x_wconf 86' lang='lat' dir='ltr'>[n</span> <span class='ocrx_word' id='word_1_63' title='bbox 416 1454 555 1532; x_wconf 90' lang='lat' dir='ltr'>utraque</span> <span class='ocrx_word' id='word_1_64' title='bbox 579 1445 682 1509; x_wconf 86' lang='lat' dir='ltr'>classe</span> <span class='ocrx_word' id='word_1_65' title='bbox 706 1444 929 1510; x_wconf 79' lang='lat' dir='ltr'>Schroederus</span> <span class='ocrx_word' id='word_1_66' title='bbox 953 1446 1096 1532; x_wconf 89' lang='lat' dir='ltr'>quinque</span> <span class='ocrx_word' id='word_1_67' title='bbox 1127 1443 1346 1532; x_wconf 88' lang='lat' dir='ltr'>componendi</span> <span class='ocrx_word' id='word_1_68' title='bbox 1371 1461 1424 1501; x_wconf 81' lang='lat' dir='ltr'>ra·</span> 
     </span>
     <span class='ocr_line' id='line_1_11' title="bbox 243 1551 847 1637; baseline 0.005 -23"><span class='ocrx_word' id='word_1_69' title='bbox 243 1552 347 1615; x_wconf 89' lang='lat' dir='ltr'>tiones</span> <span class='ocrx_word' id='word_1_70' title='bbox 371 1551 553 1635; x_wconf 81' lang='lat' dir='ltr'>distinguit.</span> <span class='ocrx_word' id='word_1_71' title='bbox 579 1552 847 1637; x_wconf 83' lang='lat' dir='ltr'>Componuntur:</span> 
     </span>
    </p>
   </div>
   <div class='ocr_carea' id='block_1_3' title="bbox 351 1686 1085 2284">
    <p class='ocr_par' dir='ltr' id='par_1_5' title="bbox 351 1686 1085 1879">
     <span class='ocr_line' id='line_1_12' title="bbox 351 1686 1085 1769; baseline 0.003 -20"><span class='ocrx_word' id='word_1_72' title='bbox 351 1687 367 1749; x_wconf 87' lang='lat' dir='ltr'>I</span> <span class='ocrx_word' id='word_1_73' title='bbox 460 1690 491 1769; x_wconf 77' lang='lat'>1)</span> <span class='ocrx_word' id='word_1_74' title='bbox 516 1686 755 1752; x_wconf 87' lang='lat' dir='ltr'>substantivum</span> <span class='ocrx_word' id='word_1_75' title='bbox 779 1697 811 1750; x_wconf 82' lang='lat' dir='ltr'>et</span> <span class='ocrx_word' id='word_1_76' title='bbox 835 1687 1085 1751; x_wconf 88' lang='lat' dir='ltr'>substantivum.</span> 
     </span>
     <span class='ocr_line' id='line_1_13' title="bbox 462 1792 945 1879; baseline -0.006 -22"><span class='ocrx_word' id='word_1_77' title='bbox 462 1796 482 1857; x_wconf 79' lang='lat'><em>2</em></span> <span class='ocrx_word' id='word_1_78' title='bbox 522 1792 720 1856; x_wconf 87' lang='lat' dir='ltr'>adiectivum</span> <span class='ocrx_word' id='word_1_79' title='bbox 746 1802 778 1855; x_wconf 89' lang='lat' dir='ltr'>et</span> <span class='ocrx_word' id='word_1_80' title='bbox 930 1844 945 1879; x_wconf 57' lang='grc' dir='ltr'><strong><em>ῃ</em></strong></span> 
     </span>
    </p>

    <p class='ocr_par' dir='ltr' id='par_1_6' title="bbox 516 1898 945 1984">
     <span class='ocr_line' id='line_1_14' title="bbox 516 1898 945 1984; baseline -0.009 -21"><span class='ocrx_word' id='word_1_81' title='bbox 516 1898 679 1984; x_wconf 89' lang='lat' dir='ltr'>particula</span> <span class='ocrx_word' id='word_1_82' title='bbox 703 1909 734 1963; x_wconf 92' lang='lat' dir='ltr'>ct</span> <span class='ocrx_word' id='word_1_83' title='bbox 931 1950 945 1984; x_wconf 56' lang='grc' dir='ltr'><strong><em>ῃ</em></strong></span> 
     </span>
    </p>

    <p class='ocr_par' dir='ltr' id='par_1_7' title="bbox 516 2016 945 2090">
     <span class='ocr_line' id='line_1_15' title="bbox 516 2016 945 2090; baseline -0.005 -21"><span class='ocrx_word' id='word_1_84' title='bbox 516 2028 694 2090; x_wconf 82' lang='lat' dir='ltr'>pronomen</span> <span class='ocrx_word' id='word_1_85' title='bbox 719 2016 750 2069; x_wconf 85' lang='lat' dir='ltr'>et</span> <span class='ocrx_word' id='word_1_86' title='bbox 931 2058 945 2090; x_wconf 59' lang='grc' dir='ltr'>ῃ</span> 
     </span>
    </p>

    <p class='ocr_par' dir='ltr' id='par_1_8' title="bbox 516 2112 944 2198">
     <span class='ocr_line' id='line_1_16' title="bbox 516 2112 944 2198; baseline 0 -23"><span class='ocrx_word' id='word_1_87' title='bbox 516 2112 682 2176; x_wconf 87' lang='lat' dir='ltr'>numerale</span> <span class='ocrx_word' id='word_1_88' title='bbox 707 2122 738 2176; x_wconf 87' lang='lat' dir='ltr'>et</span> <span class='ocrx_word' id='word_1_89' title='bbox 929 2165 944 2198; x_wconf 54' lang='grc' dir='ltr'><strong><em>ῃ</em></strong></span> 
     </span>
    </p>

    <p class='ocr_par' dir='ltr' id='par_1_9' title="bbox 351 2217 1048 2284">
     <span class='ocr_line' id='line_1_17' title="bbox 351 2217 1048 2284; baseline 0 -1"><span class='ocrx_word' id='word_1_90' title='bbox 351 2217 384 2283; x_wconf 90' lang='grc' dir='ltr'>ΙΙ</span> <span class='ocrx_word' id='word_1_91' title='bbox 519 2220 760 2284; x_wconf 87' lang='lat' dir='ltr'>substantivum</span> <span class='ocrx_word' id='word_1_92' title='bbox 784 2230 816 2283; x_wconf 90' lang='lat' dir='ltr'>et</span> <span class='ocrx_word' id='word_1_93' title='bbox 840 2220 1048 2284; x_wconf 79' lang='lat' dir='ltr'>adiectirum.</span> 
     </span>
    </p>
   </div>
   <div class='ocr_carea' id='block_1_4' title="bbox 458 2377 945 2735">
    <p class='ocr_par' dir='ltr' id='par_1_10' title="bbox 458 2377 945 2735">
     <span class='ocr_line' id='line_1_18' title="bbox 515 2377 943 2519; baseline -0.002 -21"><span class='ocrx_word' id='word_1_94' title='bbox 515 2433 676 2519; x_wconf 84' lang='lat' dir='ltr'>particula</span> <span class='ocrx_word' id='word_1_95' title='bbox 700 2444 732 2498; x_wconf 89' lang='lat' dir='ltr'>et</span> <span class='ocrx_word' id='word_1_96' title='bbox 927 2377 943 2519; x_wconf 54' lang='grc' dir='ltr'>,ἶ</span> 
     </span>
     <span class='ocr_line' id='line_1_19' title="bbox 462 2533 945 2628; baseline -0.006 -23"><span class='ocrx_word' id='word_1_97' title='bbox 462 2543 496 2624; x_wconf 83' lang='grc'>4)</span> <span class='ocrx_word' id='word_1_98' title='bbox 523 2533 701 2626; x_wconf 77' lang='lat' dir='ltr'>pronomen</span> <span class='ocrx_word' id='word_1_99' title='bbox 725 2549 757 2604; x_wconf 88' lang='lat' dir='ltr'>et</span> <span class='ocrx_word' id='word_1_100' title='bbox 930 2592 945 2628; x_wconf 46' lang='grc' dir='ltr'><strong><em>η</em></strong></span> 
     </span>
     <span class='ocr_line' id='line_1_20' title="bbox 458 2647 944 2735; baseline -0.004 -23"><span class='ocrx_word' id='word_1_101' title='bbox 458 2649 491 2735; x_wconf 80' lang='grc'>5)</span> <span class='ocrx_word' id='word_1_102' title='bbox 515 2647 681 2712; x_wconf 86' lang='lat' dir='ltr'>numerale</span> <span class='ocrx_word' id='word_1_103' title='bbox 706 2658 737 2711; x_wconf 90' lang='lat' dir='ltr'>et</span> <span class='ocrx_word' id='word_1_104' title='bbox 929 2699 944 2733; x_wconf 55' lang='grc' dir='ltr'><strong><em>ῃ</em></strong></span> 
     </span>
    </p>
   </div>
   <div class='ocr_carea' id='block_1_5' title="bbox 227 2770 1420 3713">
    <p class='ocr_par' dir='ltr' id='par_1_11' title="bbox 227 2770 1420 3713">
     <span class='ocr_line' id='line_1_21' title="bbox 351 2770 1420 2857; baseline -0.004 -21"><span class='ocrx_word' id='word_1_105' title='bbox 351 2772 400 2836; x_wconf 90' lang='lat' dir='ltr'>Ne</span> <span class='ocrx_word' id='word_1_106' title='bbox 424 2771 505 2836; x_wconf 86' lang='lat' dir='ltr'>haec</span> <span class='ocrx_word' id='word_1_107' title='bbox 530 2773 661 2857; x_wconf 91' lang='lat' dir='ltr'>quidem</span> <span class='ocrx_word' id='word_1_108' title='bbox 678 2770 872 2836; x_wconf 84' lang='lat' dir='ltr'>Schroederi</span> <span class='ocrx_word' id='word_1_109' title='bbox 896 2770 1027 2856; x_wconf 88' lang='lat' dir='ltr'>partitio</span> <span class='ocrx_word' id='word_1_110' title='bbox 1044 2770 1182 2850; x_wconf 74' lang='lat' dir='ltr'>sufficit3</span> <span class='ocrx_word' id='word_1_111' title='bbox 1207 2771 1316 2841; x_wconf 86' lang='lat' dir='ltr'>omnia</span> <span class='ocrx_word' id='word_1_112' title='bbox 1332 2770 1420 2833; x_wconf 83' lang='lat' dir='ltr'>enirn</span> 
     </span>
     <span class='ocr_line' id='line_1_22' title="bbox 227 2876 1418 2967; baseline -0.006 -21"><span class='ocrx_word' id='word_1_113' title='bbox 227 2881 434 2967; x_wconf 78' lang='lat' dir='ltr'>composita,</span> <span class='ocrx_word' id='word_1_114' title='bbox 459 2902 597 2966; x_wconf 93' lang='lat' dir='ltr'>quorum</span> <span class='ocrx_word' id='word_1_115' title='bbox 620 2878 801 2944; x_wconf 85' lang='lat' dir='ltr'>membrum</span> <span class='ocrx_word' id='word_1_116' title='bbox 826 2878 986 2964; x_wconf 88' lang='lat' dir='ltr'>posterius</span> <span class='ocrx_word' id='word_1_117' title='bbox 1009 2901 1127 2943; x_wconf 92' lang='lat' dir='ltr'>nomen</span> <span class='ocrx_word' id='word_1_118' title='bbox 1143 2876 1335 2963; x_wconf 91' lang='lat' dir='ltr'>primarium</span> <span class='ocrx_word' id='word_1_119' title='bbox 1360 2885 1418 2957; x_wconf 86' lang='lat' dir='ltr'>est,</span> 
     </span>
     <span class='ocr_line' id='line_1_23' title="bbox 243 2984 1415 3075; baseline -0.004 -23"><span class='ocrx_word' id='word_1_120' title='bbox 243 2988 375 3073; x_wconf 89' lang='lat' dir='ltr'>proprio</span> <span class='ocrx_word' id='word_1_121' title='bbox 404 2987 543 3069; x_wconf 73' lang='lat' dir='ltr'>nomine,</span> <span class='ocrx_word' id='word_1_122' title='bbox 580 2986 811 3075; x_wconf 49' lang='lat' dir='ltr'>‘synthetische</span> <span class='ocrx_word' id='word_1_123' title='bbox 836 2985 1037 3071; x_wconf 87' lang='lat' dir='ltr'>Komposita&#39;</span> <span class='ocrx_word' id='word_1_124' title='bbox 1063 2985 1250 3069; x_wconf 84' lang='lat' dir='ltr'>significata</span> <span class='ocrx_word' id='word_1_125' title='bbox 1273 2984 1415 3049; x_wconf 80' lang='lat' dir='ltr'>secernit</span> 
     </span>
     <span class='ocr_line' id='line_1_24' title="bbox 242 3091 1413 3180; baseline -0.003 -23"><span class='ocrx_word' id='word_1_126' title='bbox 242 3094 263 3160; x_wconf 92' lang='lat' dir='ltr'>l.</span> <span class='ocrx_word' id='word_1_127' title='bbox 289 3118 316 3160; x_wconf 85' lang='lat' dir='ltr'>c.</span> <span class='ocrx_word' id='word_1_128' title='bbox 341 3116 372 3180; x_wconf 92' lang='lat' dir='ltr'>p.</span> <span class='ocrx_word' id='word_1_129' title='bbox 389 3095 464 3159; x_wconf 74' lang='lat'>207.</span> <span class='ocrx_word' id='word_1_130' title='bbox 512 3092 608 3174; x_wconf 76' lang='lat' dir='ltr'>Quod</span> <span class='ocrx_word' id='word_1_131' title='bbox 624 3093 755 3156; x_wconf 89' lang='lat' dir='ltr'>minime</span> <span class='ocrx_word' id='word_1_132' title='bbox 779 3093 857 3156; x_wconf 90' lang='lat' dir='ltr'>mihi</span> <span class='ocrx_word' id='word_1_133' title='bbox 870 3094 1045 3177; x_wconf 61' lang='lat' dir='ltr'>probatum</span> <span class='ocrx_word' id='word_1_134' title='bbox 1069 3093 1149 3156; x_wconf 84' lang='lat' dir='ltr'>talia</span> <span class='ocrx_word' id='word_1_135' title='bbox 1173 3091 1259 3154; x_wconf 88' lang='lat' dir='ltr'>enim</span> <span class='ocrx_word' id='word_1_136' title='bbox 1283 3113 1413 3175; x_wconf 88' lang='lat' dir='ltr'>compo·</span> 
     </span>
     <span class='ocr_line' id='line_1_25' title="bbox 243 3190 1418 3286; baseline -0.002 -22"><span class='ocrx_word' id='word_1_137' title='bbox 243 3201 305 3266; x_wconf 86' lang='lat' dir='ltr'>sita</span> <span class='ocrx_word' id='word_1_138' title='bbox 328 3201 360 3263; x_wconf 93' lang='lat' dir='ltr'>in</span> <span class='ocrx_word' id='word_1_139' title='bbox 385 3200 482 3264; x_wconf 89' lang='lat' dir='ltr'>tertia</span> <span class='ocrx_word' id='word_1_140' title='bbox 506 3190 757 3286; x_wconf 87' lang='lat' dir='ltr'>compositorum</span> <span class='ocrx_word' id='word_1_141' title='bbox 788 3223 851 3264; x_wconf 91' lang='lat' dir='ltr'>non</span> <span class='ocrx_word' id='word_1_142' title='bbox 875 3208 1073 3264; x_wconf 87' lang='lat' dir='ltr'>mutatorum</span> <span class='ocrx_word' id='word_1_143' title='bbox 1097 3197 1201 3262; x_wconf 89' lang='lat' dir='ltr'>classe</span> <span class='ocrx_word' id='word_1_144' title='bbox 1225 3195 1418 3262; x_wconf 88' lang='lat' dir='ltr'>collocanda</span> 
     </span>
     <span class='ocr_line' id='line_1_26' title="bbox 242 3303 1415 3391; baseline -0.002 -21"><span class='ocrx_word' id='word_1_145' title='bbox 242 3316 327 3372; x_wconf 89' lang='lat' dir='ltr'>sunt.</span> <span class='ocrx_word' id='word_1_146' title='bbox 375 3306 482 3391; x_wconf 86' lang='lat' dir='ltr'>Saepe</span> <span class='ocrx_word' id='word_1_147' title='bbox 516 3316 623 3370; x_wconf 87' lang='lat' dir='ltr'>autem</span> <span class='ocrx_word' id='word_1_148' title='bbox 648 3305 792 3370; x_wconf 88' lang='lat' dir='ltr'>dubitari</span> <span class='ocrx_word' id='word_1_149' title='bbox 816 3315 934 3391; x_wconf 79' lang='lat' dir='ltr'>potest,</span> <span class='ocrx_word' id='word_1_150' title='bbox 967 3315 1077 3370; x_wconf 84' lang='lat' dir='ltr'>utrum</span> <span class='ocrx_word' id='word_1_151' title='bbox 1101 3303 1284 3389; x_wconf 90' lang='lat' dir='ltr'>composita</span> <span class='ocrx_word' id='word_1_152' title='bbox 1317 3327 1415 3388; x_wconf 88' lang='lat' dir='ltr'>quae·</span> 
     </span>
     <span class='ocr_line' id='line_1_27' title="bbox 244 3411 1415 3499; baseline 0 -22"><span class='ocrx_word' id='word_1_153' title='bbox 244 3413 319 3478; x_wconf 90' lang='lat' dir='ltr'>dam</span> <span class='ocrx_word' id='word_1_154' title='bbox 343 3412 419 3477; x_wconf 90' lang='lat' dir='ltr'>huic</span> <span class='ocrx_word' id='word_1_155' title='bbox 453 3411 549 3476; x_wconf 87' lang='lat' dir='ltr'>classi</span> <span class='ocrx_word' id='word_1_156' title='bbox 574 3435 615 3476; x_wconf 93' lang='lat' dir='ltr'>au</span> <span class='ocrx_word' id='word_1_157' title='bbox 648 3413 779 3476; x_wconf 87' lang='lat' dir='ltr'>mutatis</span> <span class='ocrx_word' id='word_1_158' title='bbox 812 3412 1023 3477; x_wconf 87' lang='lat' dir='ltr'>attribuenda</span> <span class='ocrx_word' id='word_1_159' title='bbox 1056 3414 1128 3496; x_wconf 84' lang='lat' dir='ltr'>sint,</span> <span class='ocrx_word' id='word_1_160' title='bbox 1162 3422 1198 3474; x_wconf 87' lang='lat' dir='ltr'>ut</span> <span class='ocrx_word' id='word_1_161' title='bbox 1222 3418 1415 3499; x_wconf 71' lang='grc' dir='ltr'>μεγασθενής</span> 
     </span>
     <span class='ocr_line' id='line_1_28' title="bbox 246 3524 1420 3606; baseline -0.001 -22"><span class='ocrx_word' id='word_1_162' title='bbox 246 3531 352 3584; x_wconf 89' lang='lat' dir='ltr'>ortum</span> <span class='ocrx_word' id='word_1_163' title='bbox 384 3541 454 3583; x_wconf 87' lang='lat' dir='ltr'>esse</span> <span class='ocrx_word' id='word_1_164' title='bbox 487 3528 592 3604; x_wconf 87' lang='lat' dir='ltr'>potest</span> <span class='ocrx_word' id='word_1_165' title='bbox 627 3541 669 3582; x_wconf 87' lang='lat' dir='ltr'>ex</span> <span class='ocrx_word' id='word_1_166' title='bbox 694 3528 772 3606; x_wconf 72' lang='grc' dir='ltr'>μέγα</span> <span class='ocrx_word' id='word_1_167' title='bbox 797 3528 828 3581; x_wconf 89' lang='lat' dir='ltr'>et</span> <span class='ocrx_word' id='word_1_168' title='bbox 850 3526 952 3586; x_wconf 78' lang='grc' dir='ltr'>σθένω</span> <span class='ocrx_word' id='word_1_169' title='bbox 986 3528 1042 3582; x_wconf 90' lang='lat' dir='ltr'>aut</span> <span class='ocrx_word' id='word_1_170' title='bbox 1065 3542 1108 3581; x_wconf 81' lang='lat' dir='ltr'>ex</span> <span class='ocrx_word' id='word_1_171' title='bbox 1136 3527 1215 3606; x_wconf 69' lang='grc' dir='ltr'>μέγα</span> <span class='ocrx_word' id='word_1_172' title='bbox 1240 3530 1273 3584; x_wconf 90' lang='lat' dir='ltr'>et</span> <span class='ocrx_word' id='word_1_173' title='bbox 1295 3524 1420 3593; x_wconf 76' lang='grc' dir='ltr'><strong>σθένος.</strong></span> 
     </span>
     <span class='ocr_line' id='line_1_29' title="bbox 244 3623 1415 3713; baseline -0.005 -22"><span class='ocrx_word' id='word_1_174' title='bbox 244 3626 329 3691; x_wconf 90' lang='lat' dir='ltr'>Nam</span> <span class='ocrx_word' id='word_1_175' title='bbox 353 3637 441 3690; x_wconf 86' lang='lat' dir='ltr'>recte</span> <span class='ocrx_word' id='word_1_176' title='bbox 456 3624 629 3690; x_wconf 78' lang='lat' dir='ltr'>Conradus</span> <span class='ocrx_word' id='word_1_177' title='bbox 654 3623 878 3689; x_wconf 89' lang='lat' dir='ltr'>Zacherus</span> <span class='ocrx_word' id='word_1_178' title='bbox 902 3625 935 3687; x_wconf 89' lang='lat' dir='ltr'>in</span> <span class='ocrx_word' id='word_1_179' title='bbox 959 3624 1068 3689; x_wconf 86' lang='lat' dir='ltr'>libello</span> <span class='ocrx_word' id='word_1_180' title='bbox 1094 3624 1171 3713; x_wconf 47' lang='lat' dir='ltr'>‘Zur</span> <span class='ocrx_word' id='word_1_181' title='bbox 1190 3624 1415 3708; x_wconf 80' lang='lat' dir='ltr'>griechischen</span> 
     </span>
    </p>
   </div>
   <div class='ocr_carea' id='block_1_6' title="bbox 139 3730 1311 3816">
    <p class='ocr_par' dir='ltr' id='par_1_12' title="bbox 139 3730 1311 3816">
     <span class='ocr_line' id='line_1_30' title="bbox 139 3730 1311 3816; baseline -0.003 -19"><span class='ocrx_word' id='word_1_182' title='bbox 139 3779 143 3786; x_wconf 82' lang='lat'>·</span> <span class='ocrx_word' id='word_1_183' title='bbox 245 3731 628 3816; x_wconf 85' lang='lat' dir='ltr'>Nominalkomposition&#39;</span> <span class='ocrx_word' id='word_1_184' title='bbox 653 3730 786 3795; x_wconf 89' lang='lat' dir='ltr'>Vratisl.</span> <span class='ocrx_word' id='word_1_185' title='bbox 814 3731 898 3797; x_wconf 84' lang='grc'><strong>1886</strong></span> <span class='ocrx_word' id='word_1_186' title='bbox 921 3754 953 3816; x_wconf 90' lang='lat' dir='ltr'>p.</span> <span class='ocrx_word' id='word_1_187' title='bbox 978 3733 1020 3796; x_wconf 78' lang='lat'>32</span> <span class='ocrx_word' id='word_1_188' title='bbox 1044 3731 1126 3795; x_wconf 90' lang='lat' dir='ltr'>haec</span> <span class='ocrx_word' id='word_1_189' title='bbox 1151 3731 1311 3816; x_wconf 85' lang='lat' dir='ltr'>disputat:</span> 
     </span>
    </p>
   </div>
   <div class='ocr_carea' id='block_1_7' title="bbox 243 3854 1419 4134">
    <p class='ocr_par' dir='ltr' id='par_1_13' title="bbox 243 3854 1419 4134">
     <span class='ocr_line' id='line_1_31' title="bbox 353 3854 1419 3939; baseline -0.002 -19"><span class='ocrx_word' id='word_1_190' title='bbox 353 3856 487 3939; x_wconf 85' lang='lat' dir='ltr'>„Daher</span> <span class='ocrx_word' id='word_1_191' title='bbox 521 3857 562 3920; x_wconf 87' lang='lat' dir='ltr'>ist</span> <span class='ocrx_word' id='word_1_192' title='bbox 585 3878 619 3920; x_wconf 88' lang='lat' dir='ltr'>es</span> <span class='ocrx_word' id='word_1_193' title='bbox 650 3857 697 3920; x_wconf 86' lang='lat' dir='ltr'>oft</span> <span class='ocrx_word' id='word_1_194' title='bbox 720 3856 855 3937; x_wconf 86' lang='lat' dir='ltr'>schwer,</span> <span class='ocrx_word' id='word_1_195' title='bbox 890 3878 984 3919; x_wconf 86' lang='lat' dir='ltr'>wenn</span> <span class='ocrx_word' id='word_1_196' title='bbox 1019 3856 1110 3919; x_wconf 88' lang='lat' dir='ltr'>nicht</span> <span class='ocrx_word' id='word_1_197' title='bbox 1143 3854 1340 3939; x_wconf 75' lang='lat' dir='ltr'>unmoglich,</span> <span class='ocrx_word' id='word_1_198' title='bbox 1373 3854 1419 3918; x_wconf 91' lang='lat' dir='ltr'>im</span> 
     </span>
     <span class='ocr_line' id='line_1_32' title="bbox 244 3960 1418 4046; baseline -0.004 -18"><span class='ocrx_word' id='word_1_199' title='bbox 244 3963 410 4028; x_wconf 79' lang='lat' dir='ltr'>einzelnen</span> <span class='ocrx_word' id='word_1_200' title='bbox 450 3963 542 4027; x_wconf 86' lang='lat' dir='ltr'>Falle</span> <span class='ocrx_word' id='word_1_201' title='bbox 573 3963 777 4046; x_wconf 72' lang='lat' dir='ltr'>anzugebem</span> <span class='ocrx_word' id='word_1_202' title='bbox 825 3963 866 4026; x_wconf 91' lang='lat' dir='ltr'>ob</span> <span class='ocrx_word' id='word_1_203' title='bbox 901 3963 960 4025; x_wconf 89' lang='lat' dir='ltr'>wir</span> <span class='ocrx_word' id='word_1_204' title='bbox 995 3984 1028 4026; x_wconf 91' lang='lat' dir='ltr'>es</span> <span class='ocrx_word' id='word_1_205' title='bbox 1053 3962 1111 4025; x_wconf 92' lang='lat' dir='ltr'>mit</span> <span class='ocrx_word' id='word_1_206' title='bbox 1134 3962 1239 4025; x_wconf 90' lang='lat' dir='ltr'>einem</span> <span class='ocrx_word' id='word_1_207' title='bbox 1263 3960 1418 4027; x_wconf 85' lang='lat' dir='ltr'>verbalen</span> 
     </span>
     <span class='ocr_line' id='line_1_33' title="bbox 243 4066 1132 4134; baseline -0.004 0"><span class='ocrx_word' id='word_1_208' title='bbox 243 4070 322 4134; x_wconf 91' lang='lat' dir='ltr'>oder</span> <span class='ocrx_word' id='word_1_209' title='bbox 346 4068 528 4134; x_wconf 85' lang='lat' dir='ltr'>nominalcn</span> <span class='ocrx_word' id='word_1_210' title='bbox 553 4069 688 4134; x_wconf 85' lang='lat' dir='ltr'>zweiten</span> <span class='ocrx_word' id='word_1_211' title='bbox 713 4068 805 4133; x_wconf 86' lang='lat' dir='ltr'>Teile</span> <span class='ocrx_word' id='word_1_212' title='bbox 827 4091 868 4133; x_wconf 87' lang='lat' dir='ltr'>zu</span> <span class='ocrx_word' id='word_1_213' title='bbox 891 4068 971 4132; x_wconf 92' lang='lat' dir='ltr'>thun</span> <span class='ocrx_word' id='word_1_214' title='bbox 994 4066 1132 4134; x_wconf 78' lang='lat' dir='ltr'>haben.“</span> 
     </span>
    </p>
   </div>
   <div class='ocr_carea' id='block_1_8' title="bbox 245 4245 1416 4407">
    <p class='ocr_par' dir='ltr' id='par_1_14' title="bbox 245 4245 1416 4407">
     <span class='ocr_line' id='line_1_34' title="bbox 352 4245 1416 4316; baseline -0.005 -13"><span class='ocrx_word' id='word_1_215' title='bbox 352 4252 372 4315; x_wconf 89' lang='lat'>¹)</span> <span class='ocrx_word' id='word_1_216' title='bbox 391 4249 533 4304; x_wconf 85' lang='lat' dir='ltr'>Eiusdem</span> <span class='ocrx_word' id='word_1_217' title='bbox 549 4251 679 4303; x_wconf 85' lang='lat' dir='ltr'>auctoris</span> <span class='ocrx_word' id='word_1_218' title='bbox 698 4249 772 4303; x_wconf 84' lang='lat' dir='ltr'>liber</span> <span class='ocrx_word' id='word_1_219' title='bbox 789 4249 846 4316; x_wconf 46' lang='lat' dir='ltr'>‘die</span> <span class='ocrx_word' id='word_1_220' title='bbox 861 4248 1034 4303; x_wconf 82' lang='lat' dir='ltr'>lateinische</span> <span class='ocrx_word' id='word_1_221' title='bbox 1049 4245 1416 4315; x_wconf 73' lang='lat' dir='ltr'>Nomium-Composition&#39;</span> 
     </span>
     <span class='ocr_line' id='line_1_35' title="bbox 245 4339 700 4407; baseline -0.002 -16"><span class='ocrx_word' id='word_1_222' title='bbox 245 4340 389 4407; x_wconf 85' lang='lat' dir='ltr'>proximis</span> <span class='ocrx_word' id='word_1_223' title='bbox 409 4340 563 4392; x_wconf 86' lang='lat' dir='ltr'>mensibus</span> <span class='ocrx_word' id='word_1_224' title='bbox 584 4339 700 4392; x_wconf 85' lang='lat' dir='ltr'>cdctur.</span> 
     </span>
    </p>
   </div>
   <div class='ocr_carea' id='block_1_9' title="bbox 0 0 1554 4875">
    <p class='ocr_par' dir='ltr' id='par_1_15' title="bbox 0 0 1554 4875">
     <span class='ocr_line' id='line_1_36' title="bbox 0 0 1554 4875; baseline 0 0"><span class='ocrx_word' id='word_1_225' title='bbox 0 0 1554 4875; x_wconf 95' lang='lat' dir='ltr'> </span> 
     </span>
    </p>
   </div>
  </div>
 </body>
</html>
